2340 3658
345 196 419 222 XIV
1142 179 1356 216 Exordium.

349 311 459 350 quae
497 311 520 340 e
557 295 734 351 regione
766 296 856 338 eius
889 295 1023 337 altero
1055 295 1152 337 viae
1183 296 1316 337 latere
1347 295 1429 337 sita
1459 295 1669 352 Stephani
1701 297 1934 340 Cecearelli
1966 302 2041 353 est,
2074 310 2166 340 sae-

349 365 446 419 pius
478 378 579 407 casu
612 369 783 420 reperta
813 367 910 405 sunt
940 367 1131 405 actorum
1163 363 1344 404 frustula
1373 363 1543 418 exigua,
1577 378 1688 418 quae
1719 365 1948 419 diligenter
1986 367 2168 408 collecta

347 436 387 473 et
411 432 629 488 descripta
650 434 703 475 ab
725 432 893 486 Angelo
916 431 1176 484 Pellegrinio
1200 432 1294 486 ipse
1316 431 1417 472 olim
1440 431 1556 474 edidi
1586 437 1627 475 et
1661 437 1707 475 ut
1737 434 1858 488 potui
1880 434 2095 477 illustravi
2121 434 2163 490 ¹).

346 501 543 554 Denique
575 506 806 543 narrarunt
835 500 1071 541 sciscitanti
1101 499 1201 540 mihi
1225 499 1470 541 Ceccarellii
1494 512 1673 541 avorum
1705 514 1877 543 suorum
1909 506 2049 545 aetate
2079 516 2166 544 ma-

344 582 457 621 gnae
489 569 612 611 molis
643 582 750 610 saxa
781 567 839 610 ibi
871 569 1031 610 effossa
1052 581 1146 610 esse
1178 567 1326 610 litteris
1347 567 1488 623 plena,
1512 581 1622 622 quae
1645 581 1739 610 cum
1760 582 1922 612 summo
1945 570 2166 614 doetrinae

345 636 597 680 detrimento
630 637 859 692 perierunt.

462 706 527 748 15.
590 706 708 757 Quae
740 719 833 746 eum
864 705 926 746 ita
957 707 1110 758 essent,
1142 703 1286 746 evenit
1315 707 1480 746 aestate
1511 705 1614 746 anni
1647 705 1768 759 1866,
1802 710 1846 748 ut
1876 706 2030 750 vineae
2068 721 2165 763 pos-

347 787 559 828 sessores,
595 787 686 814 cum
719 776 875 814 terram
908 773 1022 814 eirca
1053 786 1197 813 casam
1229 772 1430 814 rusticam
1462 771 1595 813 muris
1626 773 1814 826 antiquis
1846 774 2165 818 inaedificatam

354 841 646 884 effodiendam
678 845 885 895 curarent,
919 841 998 882 sub
1032 854 1083 882 ea
1105 840 1253 894 paucis
1275 839 1431 895 palmis
1453 839 1528 881 sub
1552 843 1666 881 terra
1689 841 1907 894 ingentem
1930 843 2168 898 reperirent

346 910 536 952 tabulam
566 923 848 951 marmoream
881 909 1031 950 litteris
1063 908 1311 963 inscriptam
1343 912 1473 950 totam
1503 908 1725 950 Arvalium
1757 913 1854 951 aeta
1883 924 2091 954 annorum
2109 912 2166 955 58

347 982 388 1019 et
417 979 472 1020 59
504 991 663 1031 magna
694 992 746 1020 ex
784 982 906 1033 parte
938 977 1225 1031 complexam,
1272 990 1399 1030 quam
1430 976 1669 1031 prostitisse
1699 977 1743 1018 in
1775 978 1938 1032 antiqui
1983 979 2167 1022 aedificii

347 1046 496 1098 attigui
542 1046 707 1101 pariete
744 1046 970 1088 manifesto
1017 1045 1257 1100 apparebat
1277 1044 1321 1100 ²).
1397 1045 1584 1099 Reperta
1626 1044 1775 1087 tabula
1812 1060 1905 1088 eum
1944 1046 2164 1090 doctorum

351 1115 516 1156 animos
563 1113 704 1155 denuo
750 1113 806 1155 ad
851 1114 993 1155 lucum
1038 1113 1263 1163 Arvalium
1306 1117 1551 1155 revocasset
1586 1117 1628 1155 et
1663 1113 1756 1156 sine
1794 1114 1990 1170 impensa
2033 1115 2166 1158 nimia

348 1182 633 1238 pervestigari
672 1195 799 1236 posse
835 1182 1006 1223 vineam
1045 1181 1407 1223 Ceecarellianam
1455 1186 1704 1235 appa-reret,
1752 1196 1846 1224 eum
1890 1187 2166 1226 monumenta

347 1250 568 1292 Arvalium
611 1263 660 1291 eo
694 1254 806 1291 certe
836 1251 928 1291 loeo
962 1255 1075 1292 terra
1106 1264 1190 1292 non
1222 1249 1454 1291 admodum
1492 1249 1581 1290 alta
1610 1253 1868 1304 tegerentur,
1901 1264 1979 1293 nee
2007 1254 2166 1293 terram

349 1320 549 1361 effossam
583 1318 793 1359 removeri
826 1332 1002 1360 necesse
1034 1322 1158 1372 esset,
1191 1317 1415 1360 consilium
1447 1317 1528 1358 loei
1558 1318 1858 1372 perscrutandi
1880 1323 1971 1361 eum
1993 1319 2166 1362 Momm-

348 1401 448 1429 seno
492 1385 812 1428 communicavi.
875 1387 955 1437 Qui
993 1401 1087 1427 cum
1124 1386 1328 1427 Societati
1374 1385 1730 1439 archaeologicae
1766 1387 2032 1446 Berolinensi
2077 1401 2165 1430 rem

352 1455 645 1510 proposuisset
669 1469 720 1497 ex
742 1456 916 1508 eiusque
940 1455 1068 1496 sociis
1089 1454 1205 1496 haud
1226 1453 1353 1508 pauci
1384 1468 1470 1495 una
1492 1468 1585 1496 cum
1607 1455 1804 1497 Instituto
1826 1456 2164 1510 arebaeologieo,

348 1524 461 1577 quod
492 1525 652 1566 Romae
685 1528 766 1578 est,
798 1524 1017 1578 impensas
1049 1522 1105 1564 ad
1137 1535 1231 1564 eam
1263 1536 1351 1564 rem
1384 1522 1651 1564 necessarias
1684 1524 1876 1566 conferre
1908 1525 2164 1580 coepissent,

346 1594 544 1645 Augusta
566 1592 839 1634 serenissima
860 1591 1091 1633 Borussiae
1114 1592 1292 1646 Regina,
1316 1604 1429 1632 nunc
1450 1590 1618 1645 imperii
1641 1591 1885 1634 Germanici
1908 1593 2164 1647 Imperatrix

346 1660 690 1715 clementissima,
726 1660 818 1701 eius
849 1660 909 1701 rei
942 1659 1096 1701 certior
1128 1659 1242 1701 faeta
1274 1659 1330 1701 ad
1360 1659 1626 1714 privatorum
1651 1660 1980 1703 munificentiam
2008 1661 2166 1703 donum

346 1729 509 1781 regium
529 1728 698 1770 adiecit.
722 1728 798 1770 llis
816 1728 952 1782 copiis
970 1742 1061 1770 cum
1079 1728 1305 1770 instructus
1326 1741 1475 1779 essem,
1496 1727 1743 1770 Cecearellii
1763 1729 1918 1771 fratres
1935 1734 1982 1772 ut
1996 1730 2166 1772 vineam

347 1798 614 1851 explorarem
637 1797 922 1851 permiserunt
943 1810 995 1838 ea
1021 1796 1283 1851 condicione,
1307 1801 1352 1838 ut
1374 1798 1529 1840 nostris
1548 1797 1750 1852 impensis
1777 1797 2029 1840 effossiones
2044 1797 2167 1853 perfi-

347 1870 541 1906 cerentur
564 1864 772 1917 nobisque
792 1865 857 1905 ius
879 1869 992 1907 esset
1013 1864 1263 1919 publicandi
1286 1879 1396 1919 quae
1435 1866 1735 1920 reperirentur,
1768 1866 1917 1907 fierent
1942 1870 2086 1908 autem
2116 1879 2168 1908 ea

348 1933 613 1974 dominorum
636 1933 803 1974 vineae.
864 1934 1171 1989 Appi-obarunt
1192 1933 1466 1976 condiciones
1489 1934 1561 1987 qui
1586 1934 1746 1988 directi,
1780 1938 1824 1975 ut
1844 1933 1975 1988 vulgo
2007 1933 2166 1989 dicunt,

346 2001 428 2042 loci
458 2014 731 2055 possessores
762 2006 871 2056 sunt,
905 2002 1100 2043 canonici
1132 2002 1339 2044 ecclesiae
1371 2004 1412 2044 S.
1446 2002 1610 2044 Mariae
1641 2002 1685 2044 in
1717 2003 1787 2044 via
1808 2002 1908 2045 lata.
1954 2001 2169 2044 Pel-missu

347 2071 476 2125 igitur
514 2070 734 2123 curatoris,
774 2071 846 2123 qui
881 2074 979 2112 tune
1010 2074 1102 2111 erat
1142 2083 1317 2124 operum
1349 2070 1617 2124 publicorum
1654 2075 1695 2112 et
1735 2070 1987 2125 commercii,
2019 2083 2168 2112 versus

348 2140 472 2182 tinem
520 2139 678 2181 mensis
725 2138 885 2192 Aprilis
932 2139 1035 2180 anni
1084 2139 1191 2180 1867
1242 2138 1490 2180 Ceccarellii
1542 2139 1796 2181 effossiones
1827 2139 2026 2192 aggressi
2056 2135 2167 2193 sunt,

347 2221 458 2262 quae
503 2208 621 2262 operi
659 2207 881 2249 insistente
919 2206 1052 2247 Petro‘
1086 2206 1354 2261 potissimum
1393 2207 1649 2249 Ceccarellio
1687 2207 1778 2248 viro
1818 2211 1988 2248 strenuo
2030 2219 2169 2260 neque

347 2278 462 2331 rudi,
502 2277 763 2330 interruptae
801 2275 1014 2317 interdum
1056 2275 1200 2329 operis
1233 2274 1546 2329 deficientibus,
1581 2274 1637 2316 ad
1668 2274 1780 2317 diem
1813 2287 1946 2328 usque
1978 2274 2043 2316 III
2072 2274 2169 2316 idus

346 2346 479 2388 Iulias
520 2346 608 2387 eius
641 2344 741 2385 anni
775 2347 1018 2398 protractae
1051 2347 1168 2398 sunt,
1210 2356 1294 2396 quo
1327 2342 1600 2385 vehementia
1633 2343 1787 2385 caloris
1819 2341 1974 2384 aestivi
2006 2341 2168 2395 agrico-

347 2415 412 2455 las
443 2414 538 2455 illos
571 2413 763 2454 advenas
795 2416 961 2452 montes
994 2424 1093 2453 suos
1126 2415 1320 2466 repetere
1353 2412 1507 2465 coegit.

462 2482 664 2536 Inceptae
701 2484 842 2521 autem
883 2483 980 2521 sunt
1023 2479 1235 2521 fossiones
1274 2493 1323 2521 eo
1355 2480 1450 2534 ipso
1482 2480 1597 2534 loco,
1631 2494 1714 2533 quo
1747 2494 1860 2522 anno
1897 2479 2170 2535 praecedenti

347 2553 517 2604 reperta
548 2554 639 2590 erat
671 2549 943 2590 Neronianae
976 2548 1128 2589 aetatis
1160 2548 1323 2602 tabula,
1359 2547 1411 2588 de
1442 2562 1527 2601 qua
1557 2549 1703 2603 paullo
1735 2553 1833 2590 ante
1856 2549 2053 2591 diximus.
2085 2548 2171 2591 Ubi

348 2633 441 2659 (eum
479 2618 535 2659 ad
573 2617 838 2658 altitudinem
879 2620 1107 2658 metrorum
1149 2615 1316 2658 circiter
1349 2616 1531 2657 (luorum
1564 2620 1605 2657 et
1635 2617 1825 2658 semissis
1858 2630 2014 2671 operae
2045 2629 2171 2672 pene-

348 2690 532 2728 trassent
578 2686 800 2738 solumque
846 2683 1111 2726 invenissent
1157 2683 1382 2737 antiquum
1422 2684 1597 2738 planum
1638 2689 1679 2726 ct-
1724 2685 1840 2726 calce
1873 2689 2170 2740 constructum,

350 2754 673 2808 inscriptiomim
715 2752 939 2793 Arvalium
971 2751 1074 2792 nihil
1114 2752 1173 2793 ibi
1215 2765 1441 2806 superesse
1474 2753 1700 2794 manifesto
1733 2753 1986 2808 apparebat.
2047 2753 2173 2796 Unde

350 2827 506 2863 terram
544 2821 838 2876 pervestigare
885 2820 1111 2861 statuimus
1154 2820 1347 2874 proxime
1389 2835 1533 2862 muros
1573 2820 1755 2862 aedificii
1795 2821 1985 2876 rotundi,
2019 2821 2172 2875 quibus

352 2890 542 2931 innititur
579 2903 680 2931 casa
722 2890 896 2942 vincae,
946 2888 1247 2942 inceptumque
1278 2892 1342 2929 est
1380 2902 1487 2943 opus
1527 2903 1553 2930 a
1594 2893 1715 2943 parte
1746 2889 1922 2930 sinistra
1952 2889 2035 2931 loci
2066 2889 2170 2943 eius,

352 2958 466 2999 unde
489 2957 645 3012 prodiit
666 2957 815 2998 tabula
836 2957 913 2997 illa
936 2956 1197 3010 Nertmiana,
1233 2956 1396 2997 scilicet
1429 2955 1483 2997 ab
1515 2955 1712 2998 aedilicio
1745 2957 1801 2998 ad
1833 2957 2047 2999 orientem.
2107 2956 2173 2998 Ibi

354 3039 445 3066 cum
480 3025 534 3066 ad
566 3025 832 3066 altitudinem
866 3024 1031 3066 circiter
1062 3024 1183 3066 metri
1206 3024 1332 3065 unius
1358 3029 1472 3066 terra
1494 3029 1643 3077 egesta
1666 3028 1791 3078 esset,
1823 3037 1982 3077 magna
2003 3029 2173 3080 reperta

452 3200 476 3242 ¹)
506 3201 598 3233 Avaeu.
626 3199 647 3233 l.
675 3210 705 3234 e.
733 3211 766 3244 p.
785 3200 842 3235 51.
867 3201 924 3235 52.
1302 3201 1393 3234 1866
1434 3211 1466 3245 p.
1495 3199 1539 3234 57
1563 3210 1668 3244 seqq.
1713 3202 1751 3233 ct
1786 3209 1855 3243 ego
1896 3197 2044 3231 Hermes
2082 3195 2172 3231 1867

447 3257 474 3301 ²)
500 3257 592 3291 Edu.
614 3257 658 3292 de
678 3258 790 3292 Rossi
815 3258 915 3290 Ball.
947 3258 984 3291 di
1009 3258 1107 3294 arch.
1126 3259 1222 3292 crist.
1298 3256 1620 3302 p.37seqq.‚A<nn.
1634 3253 2170 3302 susc.,11r0h.1567p.247seqq.
