2340 3658
98 1170 178 1206 ,111

149 1785 184 1811 10

692 830 966 894 CAESAR-
1005 829 1149 892 Dm
1191 829 1247 891 F.
1286 825 1670 891 AUGUSTUS.

277 1016 458 1070 quod’T.
490 1015 706 1064 Quinctius
738 1015 953 1066 Crispinus
991 1016 1076 1055 Va-

277 1086 460 1125 lerianus
490 1086 724 1137 moysister)
754 1085 933 1136 fratrum
964 1084 1108 1124 Arva-

273 1152 378 1194 lium
408 1151 464 1194 ad
493 1154 688 1205 fratrses)
720 1153 935 1201 Arcaffes)
966 1153 1132 1199 rettulit,
1163 1152 1321 1191 Sullam

272 1221 455 1264 Felicem
482 1222 685 1274 flaminem
712 1222 931 1273 fratrsum)
964 1221 1217 1268 Arvalofum)
1240 1222 1303 1269 (Ρ)

274 1289 347 1343 qui
377 1291 614 1331 valetudine
644 1290 861 1342 impeditus
891 1296 1006 1337 esset,
1037 1290 1121 1330 ad-

274 1371 369 1403 esse
397 1372 484 1400 non
511 1372 634 1412 posse
663 1360 720 1399 ad
747 1371 873 1399 sacra
902 1359 1068 1409 facien-

275 1426 333 1468 da
361 1426 465 1468 deae
496 1427 602 1468 Diae
629 1428 730 1468 XVI
756 1427 889 1467 XIIII
916 1426 1023 1466 XIII
1049 1427 1289 1475 Mulendas)
1321 1427 1523 1474 lansius),

273 1495 319 1537 in
349 1495 441 1536 eius
472 1495 606 1537 locum
638 1526 1115 1536 ............

273 1577 355 1606 nus
386 1577 435 1618 su
468 1571 580 1604 ectus
611 1570 682 1605 est.
707 1563 737 1618 ¹)

219 1632 448 1674 adfuerunt
479 1633 519 1673 T.
552 1633 769 1682 Quinctius
798 1633 1016 1685 Crispinus

273 1700 531 1742 Valerianus
559 1699 809 1753 mayfi'ster),
841 1703 1003 1743 Drusus

274 1769 436 1812 Caesar
469 1769 526 1809 Ti.
555 1771 582 1822 f
579 1799 1099 1813 .............

274 1839 345 1880 ani
364 1837 397 1893 ²)
430 1870 827 1880 ..........
858 1840 912 1880 Μ.
951 1841 1139 1881 Valerius

273 1906 542 1948 Messallinus
573 1939 1136 1950 ..............

276 2007 841 2019 ..............
874 1979 927 2018 M.
960 1979 1169 2021 Caecilius

310 2100 479 2145 Pagiuae
503 2101 526 2135 2
556 2101 674 2136 minus
700 2106 803 2138 certa
827 2106 913 2138 sunt
938 2105 1086 2150 supple-

218 2162 352 2193 menta.
420 2159 602 2194 Consules
650 2159 855 2196 Mamercus
903 2163 1086 2198 Aemilius

219 2217 381 2253 Scaurus
414 2222 452 2252 et
486 2217 550 2253 Cu.
585 2217 805 2253 Tremellius
841 2222 910 2263 (vv.
946 2222 999 2257 16.
1027 2222 1086 2265 17)

220 2286 439 2321 quamquam
467 2276 520 2311 ita
545 2276 638 2311 satis
671 2277 782 2322 longo
808 2278 1001 2314 intervallo
1026 2291 1085 2314 se-

219 2338 395 2380 parantur
428 2346 452 2368 a
482 2335 617 2380 prioris
656 2336 816 2381 paginae
858 2337 1086 2379 consulibus,

220 2391 456 2426 nihilominus
488 2391 636 2428 idoneis
670 2395 895 2438 argumentis
922 2395 1086 2440 Borghe-

219 2450 297 2484 sius
329 2451 425 2484 Arm.
457 2452 542 2485 inst.
575 2453 674 2486 arch.
710 2454 800 2489 1855
825 2465 859 2500 p.
882 2456 905 2490 8
937 2454 1085 2489 demon—

219 2508 351 2543 stravit
383 2519 449 2543 eos
481 2509 603 2544 fasces
629 2511 796 2555 gessisse
829 2523 861 2546 a.
893 2524 928 2558 p.
956 2512 996 2548 C.
1029 2514 1086 2549 21.

218 2566 381 2601 Primum
414 2578 460 2601 ex
493 2567 601 2602 fastis
634 2569 841 2604 Autiatinis
868 2571 923 2612 QG.
949 2572 975 2603 1.
1002 2570 1045 2607 L.
1070 2571 1089 2605 Ι

219 2635 254 2670 p.
281 2624 363 2669 475)
392 2635 463 2659 non
488 2630 575 2660 ante
600 2638 633 2662 a.
662 2629 704 2663 19
730 2626 904 2663 Scaurum
933 2633 970 2663 et
995 2629 1085 2663 Tre-

220 2682 380 2716 mellium
415 2682 540 2718 fasces
574 2685 740 2729 gessisse
766 2690 926 2722 constat.
976 2688 1086 2722 Anno

219 2752 328 2787 porro
354 2741 400 2776 22
426 2741 631 2777 consularis
657 2755 679 2778 a
703 2744 838 2779 Tacito
871 2747 967 2787 (anu.
986 2746 1084 2787 356)

222 2800 384 2833 Scaurus
411 2798 555 2833 dicitnr.
606 2801 694 2836 Fuit
725 2803 838 2846 igitur
870 2804 999 2838 consul
1024 2808 1088 2838 aut

219 2867 316 2891 anno
343 2858 387 2892 19
413 2861 476 2891 aut
500 2858 547 2894 20
571 2862 635 2893 aut
652 2860 709 2894 21.
758 2860 930 2895 Exclusit
955 2872 1085 2896 annum

221 2918 265 2951 19
283 2914 526 2959 Borghesius,
555 2918 641 2962 quia
665 2930 697 2953 v.
725 2919 769 2953 10
787 2917 927 2954 Caesar
952 2920 1087 2956 dicitur

220 2974 318 3008 iuter
347 2972 508 3008 Arvales
540 2974 726 3010 adfuisse:
769 2976 833 3011 illo
865 2977 960 3012 euim
990 2990 1086 3014 anuo

220 3035 295 3066 tam
321 3030 494 3067 Tiberius
521 3032 661 3068 Caesar
697 3044 803 3079 quam
831 3034 971 3070 Caesar
995 3037 1087 3072 Dru-

221 3099 286 3124 sus
325 3093 431 3124 extra
465 3090 608 3126 Italiam
642 3092 838 3137 degebant.
896 3094 1007 3129 Anno
1040 3096 1087 3132 20

221 3147 414 3182 Valerium
439 3149 693 3184 Messallinum
719 3153 759 3184 et
781 3150 971 3186 Aurelium
997 3152 1084 3188 Cot-

221 3208 296 3240 tam
310 3216 377 3251 per
390 3206 570 3252 integrum
584 3219 715 3243 anuum
730 3209 923 3244 consulatu
938 3210 1084 3246 functos

223 3274 308 3299 esse
341 3264 428 3302 inde
457 3265 666 3309 didicimus,
692 3267 789 3313 quod
815 3268 904 3304 fasti
937 3268 973 3304 iu
1001 3269 1083 3307 luco

1157 2104 1347 2139 Arvalium
1380 2105 1529 2150 reperti,
1564 2104 1696 2150 quibus
1731 2104 1876 2138 suffecti
1913 2115 2020 2139 accu-

1157 2167 1235 2198 rate
1269 2163 1484 2206 signantur,
1520 2174 1616 2197 auno
1648 2163 1693 2198 20
1727 2162 1847 2197 nullos
1882 2162 2020 2197 adscri-

1158 2222 1249 2256 bunt
1274 2221 1336 2264 (cs.
1361 2221 1481 2255 Relaz.
1508 2233 1542 2267 p.
1570 2223 1634 2262 99;
1660 2221 1707 2255 cf.
1732 2233 1766 2267 p.
1792 2221 1862 2266 96).
1889 2221 2024 2255 Restat

1158 2293 1189 2315 a.
1215 2282 1279 2323 21,
1314 2291 1386 2325 quo
1415 2280 1538 2314 fasces
1565 2279 1771 2314 ordinarios
1798 2279 1856 2313 Ti.
1883 2279 2021 2314 Caesa-

1158 2350 1232 2375 rem
1265 2340 1473 2383 Augustum
1506 2339 1582 2373 1111
1622 2341 1661 2372 et
1694 2339 1850 2372 Drusum
1884 2338 2021 2373 Gaesa-

1158 2409 1233 2434 rem
1259 2399 1292 2432 11
1318 2408 1384 2443 per
1410 2400 1486 2431 tres
1512 2400 1652 2431 tautum
1681 2407 1827 2431 menses
1853 2396 2021 2440 gessisse

1158 2456 1387 2500 Borghesius
1426 2454 1554 2489 docuit
1598 2455 1640 2498 (l.
1681 2466 1731 2495 c.;
1784 2455 1828 2489 cf.
1872 2457 2022 2490 Sueton.

1163 2517 1237 2552 Tib.
1265 2516 1336 2557 26).

1256 2575 1280 2617 ¹)
1307 2584 1364 2607 vv.
1391 2574 1431 2606 1—
1461 2572 1494 2607 7.
1529 2571 1666 2606 Sullam
1699 2571 1885 2612 Felicem,
1916 2583 2024 2617 quem

1159 2644 1230 2678 ego
1269 2630 1449 2666 flaminem
1487 2629 1630 2664 conieci
1669 2630 1803 2671 fuisse,
1847 2631 2024 2665 Marinius

1159 2691 1371 2735 magistrum
1398 2689 1498 2729 fecit,
1525 2692 1564 2722 ut
1590 2689 1626 2722 iu
1652 2688 1731 2722 eius
1750 2688 1867 2722 locum
1887 2689 2022 2732 Quinc-

1158 2749 1232 2783 tius
1251 2747 1445 2791 Crispinus
1467 2747 1687 2781 Valerianus
1714 2746 1936 2781 substitutus
1963 2746 2023 2782 sit.

1159 2808 1213 2841 At
1251 2805 1349 2852 quod
1387 2808 1495 2839 vacat
1539 2806 1699 2851 spatium
1739 2816 1772 2838 v.
1804 2806 1826 2840 6
1866 2804 2021 2846 litteras,

1160 2876 1254 2911 quae
1280 2864 1334 2898 ita
1359 2863 1610 2897 restituendae
1636 2866 1778 2898 esseut:
1813 2865 1850 2895 in
1874 2865 1950 2896 eius
1975 2863 2021 2896 Io-

1159 2925 1250 2966 [cum
1292 2923 1328 2956 T.
1366 2922 1545 2963 Quinctius
1577 2923 1760 2965 Crispinus
1798 2920 2022 2964 Valerialnus

1158 2990 1387 3026 nequaquam
1406 2990 1540 3025 capere
1560 2982 1757 3015 ostendunt
1774 2991 1829 3014 vv.
1846 2981 1881 3015 8.
1897 2981 1950 3015 19.
1965 2981 2023 3016 27.

1253 3037 1280 3080 ²)
1308 3037 1453 3071 litteras
1470 3036 1564 3072 ANI
1584 3037 1821 3081 fragmentum
1850 3048 1934 3072 esse
1961 3049 2022 3072 no-

1158 3096 1267 3131 minis
1292 3096 1335 3130 L.
1364 3094 1495 3130 Canini
1522 3095 1619 3130 Galli
1645 3095 1822 3130 Man-iuius
1848 3096 2020 3138 coniecit,

1157 3155 1219 3188 vix
1257 3158 1378 3195 recte,
1416 3165 1495 3188 cum
1540 3153 1629 3189 nihil
1671 3152 1839 3189 videatur
1877 3155 2021 3201 perisse

1156 3212 1263 3248 initio
1289 3222 1470 3249 versuum.
