2340 3658
319 181 376 208 1111
1074 162 1127 195 Ti.
1154 159 1341 196 claudius.

379 937 455 996 Ἡ.
500 934 847 996 CLAUDII&
890 933 1165 995 CAESAR
1208 932 1579 996 Al'GUSTUS
1623 933 2083 995 GERMANICUS.

199 1134 227 1151 a.
255 1127 287 1151 43
339 1143 1198 1154 .....................
1231 1115 1272 1154 et
1302 1112 1366 1154 col
1382 1111 1411 1167 ¹)
1422 1112 1552 1163 leyam
1583 1141 1761 1150 .....

332 1222 339 1229 ,
373 1212 1102 1223 ..................
1132 1186 1227 1233 post
1257 1179 1630 1235 cooptati²)onem?
1662 1211 1670 1219 .
1705 1211 1712 1219 .
1747 1211 1754 1219 .
1789 1211 1798 1220 .

331 1281 1106 1292 ...................
1137 1251 1295 1302 fratres
1327 1252 1368 1291 et
1399 1250 1685 1290 cenaverunt?

731 1319 820 1358 illo
853 1318 932 1358 die
963 1318 1057 1358 illo
1091 1318 1200 1359 loco

328 1390 576 1441 sacrificium
615 1389 767 1428 indixit
805 1388 907 1428 deae
944 1388 1049 1428 Diae
1089 1389 1174 1428 ille
1205 1388 1555 1440 (pro?)ma9ister
1584 1387 1627 1427 in
1657 1385 1759 1428 XVI
1790 1383 2039 1441 k(alendas)
2070 1385 2134 1428 Iu·
2187 1391 2204 1416 ⁵

1700 1453 2134 1522 112<1as>‚{n:>-d0m0‚

330 1528 457 1569 xlm
468 1527 706 1576 mendas)
724 1527 909 1576 lamas)
925 1528 968 1567 <m
986 1528 1076 1566 luco
1094 1533 1131 1567 et
1147 1527 1188 1567 in
1207 1527 1337 1579 domo,
1363 1526 1471 1567 ΧΙΠ
1483 1525 1722 1576 kcalendas)
1740 1515 1923 1574 lauans)
1940 1514 1983 1565 in
2000 1525 2133 1580 domo,

384 1597 518 1650 ibique
548 1597 712 1636 tabulae
744 1602 915 1647 apertae
944 1601 1038 1635 sunt

330 1665 473 1719 quibus
508 1667 704 1717 scriptum
741 1666 843 1718 fait:
884 1665 940 1704 Ti.
982 1665 1180 1707 Claudius
1220 1665 1377 1707 Caesar
1414 1665 1622 1718 Auqustus
1661 1663 1940 1708 Germanicus
1974 1667 2134 1717 psaler)

385 1804 587 1857 fratribus
620 1802 840 1843 Arvalibus
871 1804 1036 1856 colleqis

1124 1805 1210 1846 suis

1919 1731 2134 1801 'psalriaej

1296 1805 1482 1845 salutem.

441 1875 484 1913 in
516 1874 646 1914 locum
676 1873 727 1913 M.
762 1871 859 1913 Furi
879 1870 911 1926 4)
943 1871 1111 1914 Camilli
1141 1873 1196 1915 M.
1230 1873 1430 1915 Furium?
1450 1872 1481 1928 5)
1515 1905 1735 1913 ......

329 1942 445 1983 nobis
474 1956 565 1983 mea
593 1944 795 1984 sententia
823 1943 998 1995 fratrem
1028 1943 1226 1985 Arvalem
1259 1942 1466 1996 collegam
1497 1948 1655 1995 coopto.

331 2081 591 2124 Fragmentum
618 2079 768 2115 tabulae
796 2090 1018 2114 marmoreae
1046 2084 1228 2127 repertum
1254 2080 1290 2114 in
1316 2080 1488 2126 impluvio
1509 2079 1677 2115 coenobii
1699 2079 1735 2115 S.
1754 2079 1909 2114 Priscae
1929 2077 1997 2113 sub
2014 2077 2140 2112 Aven-

334 2140 423 2182 tino,
452 2138 585 2173 deinde
613 2138 710 2184 apud
736 2138 967 2173 Fabrettium
986 2138 1136 2175 FABR.
1177 2138 1286 2174 Nunc
1304 2138 1433 2174 Urbini
1460 2139 1496 2173 in
1522 2137 1678 2173 aedibus
1705 2136 1896 2172 ducalibus
1923 2135 1982 2180 (cl.
2001 2135 2140 2179 XXII).

424 2209 635 2255 Descripsit
675 2209 882 2244 Bormann.-
917 2207 985 2244 Ed.
1030 2208 1201 2244 Fabretti

332 2267 413 2309 441,
438 2268 495 2302 VI
522 2267 621 2309 (inde
650 2267 778 2302 Marini
806 2267 879 2303 tab.
897 2267 998 2310 XII),
1027 2268 1087 2313 qui
1112 2268 1200 2303 ima-

333 2327 453 2371 ginem
480 2325 640 2360 exhibet.

430 2385 691 2429 Fragmentum
735 2383 779 2418 ad
821 2395 951 2419 annum
985 2385 1031 2421 43
1066 2385 1201 2428 rettuli,

333 2442 430 2488 quod
467 2454 500 2477 v.
532 2444 554 2478 8
578 2453 681 2488 seqq.
725 2441 770 2476 de
808 2445 1044 2489 cooptatione
1084 2444 1204 2488 agitur

333 2501 499 2546 collegae
524 2502 560 2535 in
586 2500 706 2535 locum
731 2500 781 2536 M.
807 2501 906 2536 Furii
935 2503 1077 2538 Camilli
1106 2503 1202 2538 Scri-

331 2560 482 2595 boniani
513 2562 612 2596 mota
644 2559 825 2594 seditione
861 2572 956 2596 anno
980 2562 1026 2597 42
1050 2563 1087 2596 in
1114 2562 1201 2596 Dal-

333 2619 442 2653 matia
480 2619 673 2653 interfecti.
730 2617 826 2652 Nam
859 2629 938 2654 cum
971 2620 1089 2655 locum
1124 2621 1202 2655 eius

333 2678 367 2712 in
394 2677 553 2722 collegio
589 2677 649 2711 diu
682 2687 835 2711 vacuum
870 2680 1092 2713 remansisse
1119 2689 1202 2724 pro—

332 2735 456 2770 babile
484 2747 555 2770 non
582 2737 641 2779 sit,
668 2737 750 2782 ipso
770 2746 865 2770 anno
883 2737 929 2772 42
947 2747 1203 2772 successorem

334 2795 366 2828 ei
387 2806 457 2829 non
477 2794 596 2829 datum
617 2806 701 2829 esse
721 2795 815 2829 sacri
834 2795 1021 2830 Arvalium
1042 2796 1204 2831 ostendit

336 2853 486 2888 indictio
515 2852 583 2898 (vv.
603 2855 635 2890 5.
655 2854 702 2897 6),
730 2863 823 2899 quae
849 2854 996 2898 ineunte
1014 2865 1108 2889 anno
1126 2854 1203 2889 fieri

335 2911 488 2947 solebat.
546 2912 586 2946 In
620 2910 848 2946 restituendo
881 2911 1086 2956 fragmento
1127 2914 1203 2947 fere

333 2971 442 3004 reieci
464 2971 719 3016 supplementa
738 2973 808 3004 tam
824 2970 969 3004 Marinii
987 2982 1093 3016 quam
1112 2982 1204 3017 quae

336 3028 507 3063 audacter
547 3029 783 3063 Lehmaunus
826 3030 1018 3073 (Claudius
1068 3030 1203 3064 Urkun-

336 3089 404 3122 den
422 3088 503 3130 303)
523 3088 724 3133 proposuit.
767 3088 1017 3122 Mommsenus
1041 3088 1204 3129 (Hermes

336 3149 358 3182 3
375 3158 409 3192 p.
424 3147 490 3182 133
509 3157 541 3181 n.
556 3147 592 3189 8)
619 3146 761 3180 rettulit
786 3145 831 3180 ad
861 3146 962 3187 a.37‚
990 3157 1044 3180 vv.
1064 3147 1204 3191 Sseqq.

336 3205 539 3239 restituens
567 3204 641 3238 sic:
674 3201 770 3250 ‘imp
800 3204 834 3239 G.
863 3204 993 3238 Caesar
1026 3206 1205 3250 Augustus

337 3263 574 3298 Germanicus
594 3274 631 3308 p.
647 3274 682 3309 p.
692 3263 874 3309 fratribus
894 3263 1085 3298 Arvalibus
1104 3262 1203 3296 colle-

1268 2211 1322 2255 yio
1346 2210 1421 2244 suis
1444 2209 1605 2243 salutem.
1625 2210 1663 2242 in
1684 2209 1794 2242 locum
1814 2207 1865 2241 M.
1888 2205 1977 2240 Furi
1996 2204 2142 2241 Camilli

1270 2267 1319 2303 M.
1328 2268 1475 2302 Furium
1491 2266 1675 2300 Camillum
1678 2267 1798 2312 filium
1803 2267 1959 2311 fratrem
1971 2263 2140 2301 Arvalem

1270 2328 1365 2362 vobis:
1379 2325 1544 2369 nomino',
1560 2325 1781 2370 fratremque
1797 2324 2010 2370 cooptatum
2023 2322 2143 2369 ipsum

1273 2384 1551 2420 Scribonianum
1571 2394 1655 2418 esse
1674 2383 1828 2425 censuit,
1850 2382 2008 2418 fortasse
2026 2383 2137 2418 recte.

1367 2445 1395 2485 1)
1421 2451 1454 2478 et
1478 2444 1532 2477 col
1556 2454 1625 2479 om.
1652 2442 1773 2477 Borm.

1366 2501 1394 2546 2)
1430 2500 1657 2537 aOPTATI
1681 2499 1746 2542 id.,
1783 2496 2008 2534 JOP'PATI
2032 2498 2142 2534 Febr.

1366 2561 1393 2604 3)
1420 2561 1465 2594 in.
1492 2559 1581 2595 ,zVI
1606 2559 1725 2593 Borm.
1747 2578 1785 2582 —
1808 2557 1847 2592 II
1863 2556 1926 2600 id.,
1943 2556 2142 2602 mmm-,3

1274 2617 1507 2653 scribendum
1533 2627 1616 2652 esse
1642 2615 1698 2652 IN
1723 2614 1816 2651 vidit
1839 2616 1910 2650 iam
1935 2615 2064 2651 Mai-in.

1365 2677 1393 2720 4)
1421 2677 1452 2711 Ι.
1471 2676 1603 2718 Fabr.;
1629 2676 1838 2710 Bormanno
1866 2674 1912 2709 de
1930 2674 1999 2710 hac
2025 2675 2144 2710 littera

1273 2737 1390 2771 minus
1427 2734 1634 2770 constabat.
1686 2733 1792 2778 Quod
1824 2734 2000 2769 Marinius
2037 2745 2072 2780 p.
2097 2734 2144 2771 84

1273 2795 1465 2842 proposuit
1490 2793 1685 2839 legendum
1709 2802 1794 2828 esse
1812 2792 1842 2835 Ι,
1868 2793 1984 2838 magis
2009 2792 2142 2839 proba-

1271 2854 1347 2888 bile
1380 2855 1439 2888 est
1471 2863 1577 2899 quam
1612 2853 1724 2886 locum
1757 2861 1829 2885 una
1855 2861 1939 2886 esse
1965 2850 2086 2901 littere
2109 2851 2142 2886 1.

1295 2924 1319 2947 x
1347 2920 1497 2947 ressum.

1273 2924 1292 2948 e
1321 2924 1343 2959 p
1367 2971 1393 3014 ⁵)
1418 2970 1547 3005 nescio
1575 2980 1655 3004 num
1681 2972 1781 3004 recte
1809 2969 1956 3004 Furium
1988 2966 2143 3003 dixerim

1274 3029 1447 3065 Arvalem
1485 3031 1706 3074 cooptatum,
1754 3038 1835 3063 nam
1877 3026 1952 3061 filio
2000 3026 2143 3062 Camilli

1275 3098 1491 3134 quamquam
1525 3086 1700 3122 Claudius
1734 3086 1901 3133 pepercit
1926 3084 2032 3129 (Tac.
2058 3097 2143 3120 ann.

1275 3148 1329 3188 12,
1349 3147 1427 3190 52),
1461 3147 1522 3180 vix
1545 3145 1738 3192 probabile
1765 3155 1846 3178 eum
1872 3144 1906 3178 in
1933 3143 2051 3179 locum
2077 3153 2142 3190 pa-

1273 3205 1340 3239 tris
1367 3203 1558 3239 suffectum
1585 3214 1681 3238 esse.

2205 1893 2239 1919 10
