2340 3658
995 193 1209 229 Exordium
1949 206 2006 232 xv

197 316 262 356 cst
298 311 433 354 moles
474 310 608 366 plana
642 309 786 365 operis
824 310 982 353 vetusti
1020 323 1073 351 ex
1110 308 1226 350 calce
1263 311 1306 350 ct
1341 309 1471 364 topho
1503 307 1759 364 composita,
1800 310 1843 348 et
1871 319 2006 362 prope

196 393 292 422 eam
322 392 429 422 saxa
447 392 608 432 magna
627 391 869 421 marmorea
888 377 1047 420 effossa
1067 381 1178 431 sunt,
1200 375 1290 418 alia
1309 376 1446 431 rudia,
1478 377 1568 418 alia
1594 375 1761 417 affabre
1788 376 2007 431 sculpta¹),

194 448 308 489 inter
356 459 469 500 quae
513 446 755 500 fragmenta
797 445 1012 500 quaedam
1055 445 1255 487 iacebant
1300 449 1536 487 statuarum
1566 448 1609 486 et
1648 442 2006 498 anaglyphorum,

196 514 463 568 frustulaque
505 515 712 556 nonnulla
755 518 945 556 actorum
982 514 1219 556 Arvalium.
1280 513 1567 564 Quamobrem
1612 511 1825 553 fossiones
1873 524 2009 564 usque

195 582 253 626 ad
283 582 493 638 posticam
529 587 695 637 partem
731 581 916 624 aedificii
949 582 1225 624 continuatae
1256 586 1376 623 sunt:
1406 582 1510 623 item
1539 583 1803 623 evacuarunt
1831 583 2005 634 puteum

195 651 286 694 sive
316 651 543 693 cisternam
574 651 797 705 antiquam
826 651 871 692 in
908 663 1046 704 eaque
1075 654 1357 705 reppererunt
1386 649 1629 703 fragmenta
1658 648 1865 690 nonnulla
1900 661 2008 689 mar-

194 733 359 762 morum
378 719 639 775 sculptorum
659 719 1011 774 scriptorumque.
1042 717 1188 760 Nihilo
1210 719 1350 760 minus
1371 732 1465 760 cum
1482 722 1597 759 terra
1612 716 1739 757 altius
1756 715 2007 768 ascendens,

195 787 268 830 ubi
309 787 367 829 ad
405 787 557 829 collem
586 800 689 828 casa
718 786 925 841 adplicita
955 791 1031 840 est,
1064 786 1349 828 difficiliorem
1378 786 1423 827 in
1453 785 1546 827 dies
1576 785 1765 826 laborem
1797 783 2008 837 redderet,

195 868 276 898 nec
311 854 602 896 invenirentur
636 854 698 896 ibi
735 854 819 897 nisi
856 855 1040 897 frustula
1073 855 1231 908 exigua
1266 854 1490 896 marmoris
1529 858 1670 894 terrae
1705 851 1916 905 admixta,
1948 851 2008 892 in-

196 923 475 978 scriptionum
511 927 654 964 autem
691 923 934 976 fragmenta
963 924 1035 965 vix
1066 923 1174 976 ulla,
1207 935 1337 977 opere
1368 923 1448 964 hac
1479 926 1593 963 certe
1622 925 1746 976 parte
1775 920 1921 962 relicto
1952 919 2010 961 ad

196 993 310 1034 latus
340 990 597 1044 transgressi
635 989 830 1032 dextrum
861 1004 1008 1045 casae,
1055 991 1172 1044 quod
1215 990 1478 1032 occidentem
1528 1003 1679 1032 versus
1716 993 1799 1042 est,
1839 993 2010 1043 praeter

194 1060 379 1116 plurima
408 1059 590 1101 frustula
619 1072 860 1100 marmorea
888 1072 939 1101 ac
970 1059 1055 1100 duo
1085 1073 1194 1100 saxa
1223 1058 1381 1113 lapidis
1411 1057 1623 1100 Tiburtini
1645 1060 1847 1110 quattuor
1868 1055 2010 1097 statim

195 1128 255 1171 ibi
296 1127 561 1182 repperimus
592 1129 780 1167 actorum
813 1127 1033 1169 Arvalium
1069 1127 1329 1180 fragmenta,
1377 1140 1556 1180 quorum
1595 1139 1725 1166 unum
1771 1137 1871 1178 pars
1917 1127 2010 1164 erat

195 1196 368 1238 tabulae
398 1193 443 1236 C.
483 1194 682 1236 Caesaris
714 1194 771 1249 (a.
803 1195 890 1250 38).
951 1196 1007 1237 At
1037 1195 1189 1237 faustis
1220 1195 1350 1236 initiis
1381 1199 1559 1237 eventus
1589 1206 1740 1248 parum
1769 1190 2011 1246 respondit:

195 1262 423 1306 effodimus
461 1262 573 1304 enim
610 1267 767 1305 terram
808 1263 864 1305 ad
902 1265 1039 1306 solum
1075 1277 1210 1317 usque
1250 1267 1463 1305 vetustum
1502 1263 1618 1304 calce
1648 1261 1895 1313 forma-tum,
1935 1257 2011 1300 sed

196 1331 385 1385 exeeptis
422 1330 541 1372 saxis
572 1331 826 1385 quibusdam
857 1332 1091 1374 Tiburtinis
1122 1333 1236 1374 ferro
1268 1335 1308 1373 et
1338 1330 1511 1385 plumbo
1542 1330 1654 1372 inter
1683 1343 1730 1370 sc
1761 1327 2009 1379 coniunctis,

196 1397 531 1452 fragmentisque
562 1399 779 1441 nonnullis
811 1400 1000 1454 parvulis
1031 1404 1220 1440 actorum
1251 1399 1435 1453 collegii,
1467 1399 1643 1440 maioris
1672 1395 1873 1438 momenti
1906 1394 2011 1436 nihil

195 1465 410 1522 apparuit.
472 1466 598 1508 Unde
635 1467 785 1508 relic-ta
828 1467 907 1509 hac
939 1480 1109 1521 quoque
1140 1471 1262 1522 parte
1293 1480 1405 1522 pone
1436 1480 1592 1519 casam,
1625 1465 1696 1507 ubi
1728 1464 1856 1506 altius
1887 1463 2009 1504 collis

196 1534 403 1588 adsurgit,
426 1546 562 1589 prope
582 1538 755 1588 puteum
775 1549 860 1588 quo
877 1534 1006 1577 hodie
1027 1541 1213 1589 utuntur,
1237 1539 1392 1577 terram
1415 1535 1714 1590 temptavimus
1735 1538 2010 1585 actorumque

197 1602 438 1656 fragmenta
474 1602 740 1656 repperimus
779 1603 954 1645 minoris
984 1604 1184 1646 momenti
1216 1604 1364 1659 plura,
1404 1607 1629 1658 praeterea
1665 1603 1871 1644 fastorum
1913 1599 2011 1642 civi·

195 1671 299 1713 lium
327 1670 582 1725 particulam
613 1670 823 1723 insignem
845 1671 891 1725 ²).

314 1739 378 1780 16.
436 1739 667 1782 Fossiones
696 1739 829 1792 igitur
858 1739 1024 1782 etiamsi
1056 1741 1342 1795 expectationi
1375 1746 1547 1783 nostrae
1578 1754 1663 1782 non
1694 1741 1822 1794 plane
1839 1751 2011 1793 respon-

194 1806 359 1860 derant,
390 1812 432 1849 ct
463 1807 677 1861 quaedam
699 1806 909 1849 dederunt
930 1813 1015 1849 'non
1037 1808 1283 1863 spernenda
1312 1814 1586 1851 monumenta
1617 1813 1659 1849 et
1688 1807 1867 1862 repertis
1896 1806 2012 1848 saxis

194 1876 372 1931 sculptis
409 1875 600 1930 ipsisque
630 1875 966 1931 {inscriptionum
1005 1876 1257 1929 fragmentis
1308 1877 1583 1919 ostenderunt
1630 1875 1804 1928 rudera,
1853 1873 2008 1928 quibus

194 1959 297 1988 casa
326 1945 481 1987 vineae
511 1943 712 1998 imposita
742 1947 819 1996 est,
851 1943 908 1984 ad
938 1945 1218 1999 praecipuum
1248 1945 1464 1999 quoddam
1504 1945 1728 1986 Arvalium
1767 1942 2010 1985 aedificium

194 2013 423 2056 referenda
443 2025 551 2065 esse,
576 2011 694 2052 cuius
712 2011 898 2066 parietes
916 2013 1178 2055 extrinsecus
1196 2018 1423 2055 exornatos
1446 2014 1544 2055 olim
1566 2013 1701 2054 fuisse
1723 2011 1878 2053 tabulis
1900 2015 2011 2052 acto-

192 2095 286 2123 rum
315 2081 423 2136 ipso,
456 2093 540 2134 quo
572 2080 653 2121 hae
683 2084 879 2133 repertae
912 2085 1046 2134 erant,
1078 2080 1229 2122 ordine
1271 2081 1613 2123 confirmabatur.
1673 2081 1783 2122 Nam
1820 2078 2010 2133 exceptis

192 2149 465 2206 pauc-issimis
506 2147 744 2203 particulae
785 2152 974 2189 actorum
1017 2148 1162 2190 tabula
1192 2150 1443 2191 Neroniana
1473 2149 1750 2203 antiquiores,
1782 2152 1827 2188 ut
1858 2148 2008 2189 Petrus

193 2217 366 2272 quidem
398 2215 683 2258 Ceccarellius
713 2220 912 2257 accurate
943 2215 1201 2269 observavit,
1234 2217 1290 2259 ad
1321 2218 1432 2259 latus
1463 2216 1648 2259 aedificii
1679 2215 1794 2269 quod
1817 2214 2010 2256 occiden-

192 2292 277 2328 tem
306 2288 473 2341 spectat
502 2283 686 2325 effossae
717 2288 826 2335 sunt,
860 2284 1118 2326 recentiores
1149 2290 1291 2327 autem
1321 2285 1377 2327 ad
1398 2286 1510 2327 latus
1533 2285 1739 2326 orientem
1762 2283 2008 2338 respiciens.

193 2354 464 2408 Quapropter
484 2365 579 2393 cum
600 2365 750 2394 versus
772 2351 897 2393 finem
917 2352 1077 2394 mensis
1098 2352 1293 2395 Octobris
1315 2353 1415 2395 anni
1441 2354 1546 2395 1867
1570 2352 1658 2393 alia
1679 2351 2009 2404 augustissimae

191 2421 368 2475 reginae
411 2419 669 2461 liberalitate
726 2419 860 2461 adiuti
912 2419 1052 2462 denuo
1096 2435 1205 2476 opus
1251 2421 1603 2475 aggrederemur,
1654 2420 1806 2461 iterum
1850 2424 2007 2461 terram

191 2488 387 2532 aedificio
427 2488 490 2529 illi
525 2487 708 2529 vicinam
747 2489 1006 2542 perscrutari
1042 2489 1298 2544 incepimus,
1339 2489 1415 2531 sed
1455 2489 1632 2530 frustra:
1665 2487 1863 2541 quamvis
1894 2487 2005 2528 enim

191 2557 482 2598 insisteremus
529 2556 670 2611 operi,
718 2555 854 2597 donec
890 2561 1057 2611 tempus
1103 2557 1289 2598 hiemale
1336 2556 1543 2598 desistere
1589 2556 1750 2609 coegit,
1796 2568 1847 2596 eo
1895 2559 2006 2595 certe

189 2626 285 2666 loco
323 2637 410 2665 non
447 2629 546 2665 sunt
585 2624 745 2665 effossa
775 2623 857 2665 nisi
889 2624 1148 2678 paucissima
1179 2629 1220 2666 et
1250 2625 1394 2677 exigui
1426 2625 1628 2666 momenti
1658 2629 1849 2665 actorum
1881 2622 2009 2663 fasto-

190 2705 369 2745 rumque
407 2691 595 2732 c-ivilium
635 2691 885 2744 fragmenta..
946 2690 1109 2733 Eodem
1147 2692 1237 2733 fere
1277 2698 1467 2747 tempore
1505 2693 1550 2734 in
1587 2698 1707 2747 parte
1753 2691 1906 2732 vineae
1951 2688 2007 2729 ad

192 2759 454 2802 occidentem
506 2758 699 2811 vergenti
753 2764 924 2813 praeter
967 2773 1110 2801 muros
1156 2760 1364 2813 quosdam
1411 2761 1553 2815 operis
1604 2759 1835 2801 admodum
1886 2756 2006 2798 rudis

191 2832 366 2879 inventa
397 2830 461 2868 est
492 2825 608 2867 basis
639 2827 824 2880 parvula
854 2827 1015 2881 lapidis
1046 2827 1256 2869 Tiburtini
1286 2828 1402 2869 Forti
1434 2828 1649 2869 Fortunae
1681 2827 1825 2868 dicata
1844 2827 1889 2879 ³).

307 2896 372 2937 18.
437 2893 647 2935 Frustrati
686 2893 766 2936 hoc
801 2894 929 2935 modo
960 2908 1037 2949 spe
1067 2909 1140 2949 ea,
1187 2909 1315 2948 quam
1353 2895 1407 2937 de
1447 2896 1524 2937 illa
1571 2896 1758 2937 fossione
1803 2907 2005 2949 concepe-

289 3031 312 3074 ¹)
346 3030 526 3076 Depinxit
560 3040 604 3063 ea.
629 3027 847 3073 Rudolphus
881 3030 1063 3064 Laueiani
1228 3032 1254 3073 ²)
1277 3032 1501 3074 Fragmenta
1518 3041 1613 3064 auno
1631 3031 1719 3065 1867
1732 3035 1881 3075 reperta
1901 3030 2003 3064 edidi

191 3089 228 3123 in
247 3088 374 3123 tabula
398 3088 427 3121 V
447 3087 593 3121 adnexa
619 3086 665 3120 ad
691 3086 822 3120 librum
849 3097 978 3128 meum,
1004 3087 1063 3120 cui
1134 3090 1169 3122 iu
1204 3091 1405 3122 Arnmlibus
1441 3087 1601 3121 Instincti
1633 3088 1887 3133 ‹nrt-haeologsici
1917 3089 2002 3122 anni

190 3145 323 3180 titulus
362 3147 422 3179 est
445 3146 551 3179 ‚s'cavc
574 3147 635 3179 uel
659 3146 757 3177 bosco
782 3156 884 3177 sacro
909 3145 962 3178 ‹le'
979 3146 1063 3188 sra-
1133 3146 1299 3180 eiusdem
1326 3157 1360 3190 p.
1379 3147 1576 3181 225-296.

192 3203 266 3238 telli
288 3203 431 3244 Arvali,
456 3202 493 3236 in
512 3203 666 3247 eiusque
691 3201 900 3247 appendice
927 3201 978 3246 (p.
997 3202 1064 3237 105
1225 3202 1253 3245 ³)
1286 3203 1332 3238 cf.
1371 3204 1561 3237 Relaairne
1601 3207 1672 3237 cet.
1715 3203 1788 3238 tab.
1831 3203 1919 3237 Illa
1964 3206 2003 3237 et

191 3259 312 3305 seqq.)
340 3259 540 3304 diligenter
565 3259 779 3305 descripsit.
1132 3271 1168 3306 p.
1187 3262 1264 3295 100.
