2340 3658
315 154 449 182 xxxw
673 176 675 178 .
1124 140 1311 177 Tiberius.

184 272 210 291 a·
229 266 261 291 2⁷
381 258 513 299 sentio
545 255 693 307 dicere,
723 257 864 300 salvos
895 259 1134 302 servaveris
1163 271 1216 298 ex
1243 258 1442 311 periculis
1469 259 1508 300 si
1537 271 1618 313 qua
1645 265 1740 301 sunt
2162 251 2219 298 ιε’

376 341 544 377 ematve
575 331 670 378 ante
700 340 789 371 eum
819 330 938 379 diem,
969 329 1242 380 eventumque
1271 326 1419 368 bonum
1448 329 1521 378 ita,
1548 329 1609 370 uti
1637 342 1700 369 me
1727 329 1860 371 sentio
2161 350 2195 376 15

377 405 526 455 dicere,
561 404 724 446 dederis
756 411 902 452 eosque
931 398 976 438 in
1007 396 1149 437 eodem
1179 399 1291 438 statu
1321 396 1391 450 qui
1421 411 1530 438 nune
1560 403 1633 448 est,
1665 403 1736 439 aut
1766 412 1812 440 eo
1842 399 2009 442 meliore

375 475 622 525 servaveris,
654 477 718 514 ast
749 477 790 512 tu
821 481 870 509 ea
899 468 959 508 ita
988 464 1114 520 faxis,
1145 466 1234 506 tum
1265 466 1338 506 tibi
1367 468 1528 507 nomine
1558 467 1702 520 colleyi
1730 467 1910 521 fratrum

375 544 592 585 Arvalium
622 543 721 583 bove
753 540 901 580 aurato
933 547 1070 578 voveo
1103 547 1189 574 esse
1217 534 1413 587 futurum.
1466 537 1652 589 Iuppiter
1680 537 1871 589 osptime)
1901 540 2131 590 msaoeime),

378 626 483 666 quae
506 614 548 654 in
568 612 694 654 verba
715 609 788 650 tibi
809 606 908 647 bove
930 606 1120 653 aursato)
1142 601 1236 645 vovi
1269 615 1362 645 esse
1391 603 1586 656 futurum,
1618 605 1727 659 quod
1746 606 1822 646 hoc
1843 606 1909 647 die
1928 609 2036 659 vovi,
2067 613 2133 650 ast

380 688 422 723 tu
453 695 503 724 ea
533 684 595 724 ita
624 680 754 735 famis,
787 676 869 716 tum
899 672 974 715 tibi
1005 671 1161 714 donum
1190 671 1374 726 impensa
1402 674 1581 726 fratrum
1610 675 1827 717 Arvalium
2165 691 2200 717 πυ

380 754 476 793 auri
503 751 683 806 mondo)
702 779 710 788 .
730 779 739 788 .
773 744 933 797 arqenti
959 742 1140 796 pConclo)
1159 773 1197 782 ..
1230 742 1393 783 nomine
1423 756 1562 785 eorum
1589 746 1769 798 positum
1798 746 1853 787 iri
1881 758 2008 788 voveo
2028 746 2075 800 ⁴).

381 822 484 862 Iuno
516 821 661 874 reqina
692 823 764 859 cet.

1226 942 1247 968 e

325 1030 549 1083 adfuerunt
581 1052 1446 1071 .....................
1477 1033 1539 1063 us.

164 1103 225 1129 1:111.
245 1103 277 1127 :30
380 1100 451 1140 ΙΙΙ
477 1097 716 1149 Malendas)
748 1092 1041 1141 Febrsuarias)
1075 1120 1597 1131 .............
1627 1090 1671 1133 in
1703 1092 1912 1149 Capitolio
1943 1095 2090 1150 colleqi

380 1168 560 1220 fratrum
591 1165 806 1207 Arvalium
836 1160 1061 1202 immolavit
1092 1159 1141 1200 ob
1171 1158 1359 1201 natalem
1388 1158 1523 1202 Iuliae
1554 1159 1766 1215 Auqustae

380 1237 472 1277 Iovi
502 1237 694 1289 o(ptimo)
726 1233 949 1281 msaoeimo)
985 1229 1126 1270 bovem
1156 1241 1310 1269 marem
1337 1226 1380 1281 ¹).

327 1305 549 1359 adfuerunt
583 1305 622 1345 T.
654 1303 870 1354 Quinctius
902 1299 1117 1351 Crispinus
1154 1296 1412 1348 Valerianus,
1444 1297 1491 1339 L.
1523 1296 1724 1342 Caninius
1756 1300 1919 1353 Gallus,
2186 1322 2203 1348 ⁵

383 1374 453 1416 Cn.
485 1375 690 1415 Domitius
718 1368 1031 1412 Ahenobarbus.

384 1475 562 1485 .....
596 1448 1069 1484 ·.........as

387 1540 965 1553 ..................
995 1507 1309 1561 proma9(ister)
1339 1511 1522 1548 statuam
1554 1519 1646 1550 cum
1683 1507 1804 1552 titulo
1842 1513 1884 1553 et
1920 1509 2143 1555 columella

388 1610 1206 1623 ....................
1238 1574 1480 1632 ponendam
1511 1577 1677 1620 curavit
1707 1577 1751 1619 in

387 1652 478 1692 luco
509 1652 611 1692 deae
639 1651 747 1691 Diae
764 1650 826 1699 (P)
859 1662 948 1689 cum
976 1648 1250 1700 inscriptione
1281 1658 1390 1700 quae
1419 1644 1533 1687 infra
1563 1649 1646 1688 est:
2167 1652 2201 1678 ω

1082 1730 1162 1770 pro
1192 1716 1329 1758 salute

391 1790 447 1830 Ti.
481 1789 676 1831 Caesaris
708 1789 794 1829 divi
822 1788 997 1841 Auyusti
1025 1788 1056 1840 f.
1088 1786 1262 1839 Auyusti
1288 1784 1500 1839 pontificis
1530 1784 1704 1827 maximi
1734 1785 1960 1830 tribunicia

385 1863 590 1912 potestate
608 1859 871 1910 cosansulis)
886 1859 1063 1911 psatris)
1078 1857 1282 1910 psatriae)
1305 1861 1342 1896 et
1361 1856 1496 1896 Iuliae
1511 1855 1723 1908 Auyuslae
1744 1856 1891 1900 matris
1914 1857 2016 1912 eius,
2039 1856 2140 1899 anni

390 1957 1211 1970 ....................
1242 1924 1486 1979 magisterio
1518 1925 1715 1978 quart(0).

339 2137 564 2190 adfuerunt
595 2168 1288 2178 .................
1327 2133 1375 2176 Τ.
1403 2133 1619 2185 Quinctius
1652 2133 1868 2188 Crispinus
1905 2136 2151 2178 Valerianus

392 2236 572 2247 .....
606 2225 615 2234 ·
649 2237 659 2247 .
691 2238 700 2247 .
734 2238 742 2246 .
775 2238 784 2247 .
818 2238 827 2246 .
860 2238 869 2247 .
904 2237 912 2246 .
946 2237 955 2246 .
989 2237 998 2246 .
1032 2236 1040 2245 .
1075 2236 1084 2246 .
1118 2236 1126 2246 .
1161 2205 1231 2246 Cn.
1263 2204 1471 2246 Domitius
1501 2202 1802 2246 Ahenobarbus

187 2357 247 2383 Mai
265 2358 296 2382 19
344 2345 473 2386 XIIII
511 2345 750 2395 ksaleiidas)
793 2346 979 2395 Iunsias)
1013 2376 1574 2386 ..............
1616 2346 1934 2398 promaqsister)
1973 2346 2018 2386 in
2055 2345 2149 2388 luco

1250 2412 1367 2482 jdeae
1397 2413 1504 2456 Diae
1542 2415 1687 2468 colleqi
1723 2414 1902 2467 fratrum
1932 2414 2152 2457 Arvalium

397 2485 556 2525 nomine
585 2497 756 2525 vaccam
787 2485 1012 2525 immolavit
1019 2499 1037 2533 ;
1067 2484 1163 2525 inde
1192 2515 1417 2526 ......
1439 2495 1442 2497 ’
1452 2514 1755 2526 ........
1789 2496 1938 2537 aqnam
1967 2485 2144 2538 opimam
2199 2505 2216 2530 ⁵

1379 2551 1494 2621 fileae
1523 2552 1633 2596 Diae
1663 2553 1897 2595 immolavit
1925 2559 1964 2595 et
1992 2554 2152 2607 siynum

399 2623 509 2663 misit
530 2625 745 2677 quadriyis
767 2629 805 2665 et
827 2623 1101 2665 desultoribus
1124 2654 1514 2665 ..........
1536 2627 1632 2665 voto
1654 2625 1850 2679 suscepto
1884 2654 2150 2667 .......

399 2720 1478 2736 ...........................
1510 2692 1750 2750 posivitque
1782 2723 1791 2733 .
1823 2724 1831 2733 .
1865 2724 1875 2734 .
1903 2725 1912 2735 .

436 2844 465 2888 ⁴)
492 2844 538 2881 ef.
564 2841 707 2880 acta·a.
733 2845 779 2880 38
798 2858 829 2886 α,
856 2846 878 2880 3
896 2854 1001 2889 seqq.
1053 2844 1210 2891 Supple-
1279 2845 1495 2896 litterarum,
1526 2843 1721 2879 intervalla
1752 2854 1932 2886 versuum,
1961 2843 2152 2879 marmoris

346 2905 468 2937 menta
492 2914 618 2949 parum
645 2904 748 2937 certa
774 2905 869 2938 sunt.
1282 2901 1503 2939 crassitudo.
1554 2901 1822 2950 Supplementa
1845 2912 1938 2948 quae
1965 2901 2152 2948 adscripsi

437 2974 454 2995 e
483 2962 508 3006 ¹)
535 2962 580 2998 ef.
608 2973 640 2996 a.
665 2964 710 2998 38
724 2975 752 3005 c,
779 2963 800 2997 2
819 2972 924 3008 seqq.
959 2963 996 2996 el:
1021 2963 1213 2997 Relazione
1282 2973 1356 2998 non
1381 2971 1532 3008 prorsus
1560 2964 1662 2997 certa
1687 2973 1773 2997 esse
1798 2961 1880 3007 ipse
1905 2970 1978 2995 non
2002 2960 2149 3005 ignoro3

346 3031 380 3065 p.
398 3021 431 3056 8.
482 3020 617 3055 Cetera
649 3021 769 3056 minus
804 3024 907 3056 certa
933 3023 1037 3062 sunt,
1069 3020 1215 3055 videtur
1283 3021 1367 3056 vide
1385 3031 1478 3067 quae
1494 3021 1658 3056 suoloeo
1680 3020 1847 3055 dicentur
1868 3019 1914 3054 de
1940 3019 2037 3054 sacri
2059 3018 2152 3054 deae

347 3082 468 3112 tamen
495 3079 632 3114 mentio
659 3078 739 3114 fieri
771 3079 980 3124 magisterii
1007 3079 1130 3124 quarti
1157 3080 1222 3114 im·
1286 3080 1380 3115 Diae
1414 3079 1473 3114 die
1501 3079 1628 3115 altero.
1676 3080 1782 3114 Diem
1812 3078 1922 3124 posui
1947 3077 2063 3112 XIIII
2086 3077 2151 3120 ka-

347 3137 539 3182 peratoris.
1287 3138 1418 3173 lendas
1443 3138 1568 3174 Iunias
1595 3141 1748 3186 propter
1773 3147 1903 3172 annum
1929 3147 2037 3171 aerae
2055 3135 2152 3171 Var-

432 3197 461 3240 f
482 3206 568 3230 esse
588 3195 753 3231 eiusdem
770 3196 919 3231 tabulae
938 3199 1048 3242 atque
1067 3207 1112 3231 ea
1125 3197 1220 3241 frag·
1289 3198 1465 3234 ronianae
1491 3209 1617 3244 parem
1644 3198 1707 3244 qui
1733 3198 1792 3232 est
1810 3197 1889 3239 780,
1916 3195 1975 3231 cni
1999 3204 2151 3241 respon-

349 3257 470 3290 menta
496 3265 588 3301 quae
624 3255 852 3301 praecedunt
878 3254 1078 3290 ostendunt
1107 3255 1226 3290 forma
1291 3256 1355 3292 det
1380 3267 1496 3292 annus
1521 3268 1557 3303 p.
1584 3255 1624 3292 O.
1649 3256 1706 3292 27.
