2340 3658
1059 194 1121 229 Pri
1126 195 1211 230 vati.
1959 198 2039 240 195

276 313 419 359 qhesiue
443 325 516 357 opp.
534 313 569 355 5,
593 311 664 348 524
678 319 873 358 perperam
891 308 984 345 dicit
996 320 1084 345 con-

277 373 395 409 sulem
420 372 562 407 iterum.

233 445 265 471 ι.
290 443 483 469 Pourssivs
509 441 689 465 vomscvs
718 439 749 462 ι.
774 427 993 462 invasu-s
1021 439 1085 462 cA-

279 502 438 526 tantvs
466 500 587 525 canan
612 487 726 522 frater
752 485 901 520 Arvalis
927 485 1086 521 758081

278 550 324 585 91
354 550 455 584 Dom.
492 547 539 587 G,·
573 545 751 590 magister
788 543 938 588 collegii
966 544 1087 579 factus

278 608 383 643 Dom.
411 608 454 648 03
488 605 623 640 dicitur
652 603 712 639 vel
738 615 772 638 1..
798 614 994 638 POMPEIVS
1022 613 1087 637 cA-

279 678 442 703 Tatuvs
468 675 603 707 cuna,
628 662 687 698 vel
711 673 746 697 1..
777 672 996 696 ABRVNTWS
1024 673 1087 696 cn-

280 730 444 761 ·rnnvs
482 735 603 760 canna
634 723 690 759 90.
740 720 829 756 Fuit
863 719 993 755 consul
1018 720 1087 754 suf.

279 795 312 820 a.
326 785 372 820 72
396 794 477 819 cum
491 783 541 818 M.
554 781 729 817 Arruntio
744 779 884 826 Aquila
902 778 963 814 Or.
975 779 1087 816 4031:

278 843 461 878 Mar-inias
484 843 568 876 Arv.
602 853 639 884 p.
664 840 734 876 149
764 849 958 885 perperam
1000 848 1087 873 cou-

281 901 402 938 fundit
425 911 507 937 cum
532 900 684 936 consule
710 910 743 934 a.
768 899 824 935 69.

233 973 271 998 τ.
307 971 529 996 rouromvs
562 957 859 1001 Ax·r¹[s·r]1.¹mvs
900 967 976 992 cos.
1018 956 1087 991 suf.

280 1030 363 1055 cum
376 1019 419 1054 1..
435 1018 644 1064 Pomponio
659 1016 811 1052 Silvano
826 1027 858 1051 a.
871 1016 939 1050 121
958 1019 1087 1057 (mense

281 1078 391 1122 Maio)
417 1079 496 1115 120.

234 1149 268 1173 ι..
293 1139 543 1182 [eoluromvs
578 1146 719 1170 mssvs
750 1144 825 1169 cos.
860 1132 931 1168 suf.
962 1144 995 1167 a.
1020 1130 1089 1167 118

280 1207 362 1232 cum
385 1196 432 1231 L.
457 1194 659 1239 [Lic]iuio?
684 1192 850 1228 Barbaro
876 1191 956 1227 118.

234 1256 284 1299 [ι.
309 1256 547 1298 rourolmvs
573 1253 771 1298 [ruccvs]
797 1261 874 1286 cos.
893 1261 925 1286 a.
944 1249 988 1284 17
1006 1259 1087 1284 cum

280 1312 323 1350 C.
348 1312 477 1349 Caelio
502 1312 600 1348 Rufo
627 1313 724 1357 faui
752 1322 863 1356 ma9.;
891 1309 988 1355 fasti
1010 1309 1085 1342 An-

281 1372 385 1406 tiam
410 1374 449 1406 et
472 1372 595 1406 titulus
607 1371 718 1406 Scir-ti
731 1370 768 1405 C.
785 1368 818 1403 I.
831 1369 871 1402 L.
899 1369 919 1403 1
940 1381 977 1412 p.
996 1367 1084 1408 475;

271 1431 368 1476 fanti
391 1430 572 1465 Lunenses
602 1430 675 1464 iba.
694 1442 734 1474 p.
757 1429 847 1465 476:
891 1428 971 1462 Tac.
1004 1440 1091 1462 ann·

280 1489 317 1530 2,
339 1489 403 1530 41;
429 1488 474 1523 cf.
499 1496 585 1523 nota
609 1489 659 1522 ad
678 1488 712 1522 0.
729 1486 762 1521 Ι.
776 1487 821 1522 L.
846 1487 869 1523 l.
887 1499 915 1522 c.
942 1490 977 1521 et
995 1488 1090 1520 Ann-

282 1549 363 1583 ima.
396 1548 491 1582 arch.
517 1547 608 1583 1855
631 1559 667 1591 p.
694 1547 739 1581 12
764 1558 834 1591 seq.
883 1546 970 1580 Fuit
1004 1548 1091 1580 ante

283 1605 514 1641 consulatum
546 1604 693 1650 legatus
733 1604 892 1649 legionis
925 1605 962 1638 in
987 1604 1090 1638 Moe-

283 1665 342 1700 sia
388 1665 456 1700 sub
512 1663 693 1710 auspiciis
740 1662 912 1710 Poppaei
961 1662 1093 1698 Sabini

287 1723 391 1758 00301.
415 1735 469 1767 ep.
495 1733 537 1757 ex
570 1722 683 1756 Ponto
718 1721 753 1763 4,
786 1722 819 1763 9,
852 1724 896 1757 75
923 1733 1018 1766 seqq.
1045 1721 1092 1756 cf.

289 1782 371 1817 Tac.
396 1782 493 1818 Anu.
519 1782 551 1822 1,
576 1781 637 1823 80;
677 1782 767 1827 post
801 1780 927 1815 fasces
962 1783 1092 1824 gestos

285 1851 319 1876 a.
333 1841 379 1877 19
402 1840 485 1886 ipse
499 1839 665 1874 Moesiae
687 1838 902 1884 praefectus
928 1842 985 1873 est
1003 1837 1093 1872 Vell.

285 1900 326 1942 2,
357 1899 442 1938 129;
479 1898 668 1934 Τοο.Απη.
694 1898 729 1939 2,
762 1898 824 1939 66;
851 1916 895 1922 -
920 1907 1017 1931 auno
1048 1897 1094 1930 32

287 1958 433 2004 legatus
483 1955 611 2002 Syriae
660 1955 781 1991 factus
817 1955 881 1999 (cf.
921 1955 1095 2000 Borghesi

292 2018 413 2052 aiom.
439 2015 562 2049 arcad.
594 2014 697 2056 1847,
730 2015 799 2050 112
826 2026 864 2058 p.
888 2014 959 2050 236
984 2026 1093 2059 seqq„

288 2087 367 2120 opp.
391 2075 416 2110 5
433 2085 473 2119 p.
498 2073 545 2109 85
567 2084 682 2118 seqq.,·
706 2072 832 2116 Zumpt
848 2084 968 2108 comm.
986 2074 1100 2118 epiyr.

287 2134 313 2170 2
331 2146 369 2178 p.
394 2132 476 2176 129)
501 2132 540 2166 in
565 2141 611 2166 ea
633 2130 826 2177 provincia
849 2131 925 2166 vita
948 2131 1095 2167 functus

290 2196 352 2228 ast
374 2203 407 2227 a.
431 2192 479 2227 33
506 2191 587 2225 Tae.
620 2202 706 2226 arm.
730 2191 765 2232 6,
795 2189 863 2232 27;
901 2192 948 2226 ct.
985 2191 1097 2225 etiam

290 2252 385 2285 Arm.
401 2251 485 2286 imi.
509 2250 607 2284 arch.
625 2248 718 2284 1855
734 2260 775 2294 p.
794 2249 840 2284 12
864 2260 936 2294 seq.
950 2270 993 2276 —
1009 2248 1100 2285 Cum

290 2320 337 2346 eo
363 2311 402 2344 et
423 2308 467 2343 L.
484 2307 626 2343 Pisone
650 2309 798 2342 noctem
814 2307 1100 2354 continuumque

290 2366 441 2403 biduum
489 2365 674 2412 epulando
727 2363 966 2412 potandoque
1014 2376 1100 2401 con-

292 2425 453 2472 sumpsit
482 2423 659 2459 Tiberius
694 2423 788 2460 Suet.
819 2423 877 2458 42.
907 2443 953 2449 -
977 2424 1100 2469 Lega-

291 2484 406 2526 tiouis
445 2482 525 2518 eius
550 2482 725 2528 Syriacae
755 2482 979 2517 mentionem
1014 2482 1101 2518 facit

298 2541 434 2588 loueph.
459 2542 503 2575 A.
531 2539 563 2575 Ι.
588 2541 645 2583 18,
670 2541 704 2583 6,
731 2541 766 2575 2.

248 2603 294 2646 [c.
320 2600 556 2643 rouromvs]
596 2600 846 2649 euummhs]
884 2599 998 2634 frater
1030 2599 1101 2633 Ar-

294 2659 407 2695 valis:
433 2657 577 2694 videtur
600 2660 798 2703 cooptatus
824 2668 909 2693 esse
926 2658 984 2692 21.
1016 2657 1105 2692 Fuit

295 2728 374 2754 cos.
408 2717 478 2753 suf.
502 2727 536 2752 a.
562 2717 607 2753 16
639 2727 721 2751 cum
747 2715 789 2751 O.
814 2715 933 2750 Vibio
956 2715 1103 2755 Libone

285 2777 383 2823 sacti
413 2777 575 2810 Antiates
607 2775 644 2809 C.
679 2774 711 2808 Ι.
738 2773 780 2810 L.
814 2774 835 2808 1
861 2785 901 2819 p.
933 2773 1020 2814 475;
1058 2772 1105 2807 cf.

296 2837 391 2870 Arm.
414 2836 495 2870 inat.
521 2834 620 2868 arch.
645 2833 737 2868 1855
759 2844 800 2878 p.
826 2832 881 2866 12.
930 2831 991 2866 Ad
1024 2841 1105 2865 eum

297 2894 444 2930 litteras
473 2892 575 2928 misit
607 2889 764 2928 Ovidius
798 2902 840 2925 ex
869 2891 981 2924 Ponto
1006 2891 1041 2932 1,
1065 2891 1107 2930 6,-

295 2953 332 2995 2,
358 2954 399 2994 ὃς
422 2951 458 2994 4,
482 2952 522 2992 9;
548 2950 595 2986 cf.
619 2950 766 2984 Amores
789 2949 825 2991 2,
851 2950 909 2985 10.

253 3023 289 3055 o.
314 3021 533 3046 rouromvs
560 3019 788 3044 nARcRLLvs
814 3017 892 3042 cos.
926 3005 995 3041 suf.
1026 3015 1108 3040 cum

300 3069 339 3105 Μ
364 3093 548 3105 ......
573 3067 716 3102 Fausto
750 3077 773 3101 a
817 3065 885 3101 121
917 3062 1026 3109 (VII.
1057 3064 1106 3097 id.

299 3126 432 3174 April.)
458 3127 539 3164 120.

256 3198 290 3222 1..
316 3196 538 3222 rouromvs
565 3194 752 3219 sauma
778 3191 856 3218 cos.
874 3181 942 3216 suf.
961 3190 1042 3216 cum
1061 3179 1105 3213 T.

299 3243 510 3291 Pomponio
535 3241 751 3278 Antistiano
778 3251 810 3276 a.
835 3241 903 3276 121
930 3239 1009 3275 120.

269 3316 302 3340 c.
329 3314 489 3340 roncivs
517 3313 673 3336 rmscvs
701 3301 811 3335 [nater
837 3298 998 3340 uvalis,
1034 3308 1107 3331 ma-

1229 311 1346 355 gister
1370 309 1520 355 collegii
1544 310 1615 346 224
1638 302 1719 347 231.
1768 311 1928 348 Videtur
1953 324 2040 349 esse

1231 369 1271 404 C.
1297 369 1454 403 Porcius
1481 368 1522 403 O.
1550 369 1573 403 f.
1601 369 1702 412 Quir.
1719 370 1873 406 Priscus
1899 373 2039 418 Longi-

1230 438 1299 461 nus
1327 428 1428 461 Grut.
1452 427 1535 469 458,
1560 429 1583 464 6
1608 428 1767 471 (Marini
1791 431 1875 464 Arv.
1902 432 1970 467 tab.
1983 432 2041 473 61,

1231 485 1277 520 cf.
1300 497 1337 530 p.
1352 486 1420 520 789
1443 486 1566 530 seqq),
1593 486 1655 532 qui
1683 485 1817 522 dicitur
1843 489 1958 524 fuisse
1977 489 2041 525 de-

1232 543 1368 578 cemvir
1408 544 1572 579 stlitibus
1615 544 1843 589 iudicandis,
1882 547 2041 583 allectus

1230 602 1328 636 inter
1362 604 1619 647 quaestorios,
1658 605 1705 639 ab
1742 605 1839 640 actis
1876 610 2041 650 senatus,

1233 659 1366 695 aedilis
1391 661 1539 703 curulis,
1575 661 1733 698 allectus
1766 664 1863 699 inter
1896 668 2043 710 praeto-

1231 717 1326 759 rios,
1366 719 1566 764 proconsul
1607 720 1748 765 Lyciae
1787 723 2042 769 Pamphyliae,

1233 776 1365 812 consul
1389 784 1451 813 cet.

1187 847 1222 878 o.
1247 847 1467 871 rosrvutvs
1494 849 1556 872 cM
1575 838 1689 882 (cAa‘l
1716 840 1827 884 ciust)
1846 840 1960 876 frater
1976 842 2042 875 Ar-

1232 893 1326 930 valis
1350 895 1406 931 66.

1187 964 1384 989 unsrun
1418 979 1715 992 .........
1741 956 1855 992 frater
1891 957 2042 993 Arvalis

1233 1012 1336 1046 Alex.
1352 1013 1392 1046 B.
1427 1013 1602 1049 Prastina
1627 1014 1775 1060 quidam
1800 1016 2041 1051 Messallinus

1235 1070 1381 1115 legatus
1403 1072 1568 1107 Moesiae
1592 1073 1629 1107 in
1654 1074 1810 1109 nummis
1836 1074 2044 1110 Marciano-

1232 1129 1410 1175 politauis
1443 1131 1579 1165 aetat-is
1606 1131 1771 1178 Philippi
1805 1133 2042 1179 imperatoris

1230 1192 1532 1224 commemoratur
1589 1189 1760 1235 Boryheci
1804 1191 1902 1226 Ball.
1943 1192 2045 1225 arch.

1230 1258 1314 1293 nup.
1339 1247 1363 1282 2
1382 1260 1419 1291 p.
1432 1248 1517 1290 115;
1543 1247 1589 1282 cf.
1612 1249 1706 1284 Anu.
1731 1250 1814 1284 inst.
1835 1250 1933 1284 arch.
1952 1249 2046 1285 1858

1229 1317 1269 1351 p.
1295 1305 1351 1342 78.

1187 1389 1407 1399 .......
1434 1377 1578 1400 rnmvs
1604 1366 1718 1403 frater
1744 1366 1892 1403 Arvalis
1918 1367 1998 1403 155.

1188 1422 1334 1457 Primus
1360 1422 1604 1459 Cornelianus
1628 1426 1802 1471 publicus
1819 1437 1842 1460 a
1861 1435 2045 1461 commen·

1233 1481 1338 1516 tariis
1364 1481 1510 1517 fratrum
1536 1482 1728 1519 Arvalium
1744 1484 1815 1520 214
1837 1484 1908 1519 218
1930 1484 2012 1518 221.

1188 1565 1338 1577 .....
1367 1565 1375 1572 ·
1401 1570 1410 1578 .
1436 1567 1445 1575 .
1471 1553 1628 1576 rsrscvs
1654 1552 1732 1577 cos.
1757 1542 1827 1578 suf.
1846 1554 1878 1577 a.
1891 1542 1937 1578 87
1956 1540 2047 1575 IIII

1235 1600 1314 1634 idus
1338 1600 1530 1645 Septembr.
1556 1600 1615 1635 87.
1663 1600 1799 1636 Potest
1828 1601 1945 1635 fuisse
1971 1600 2049 1634 Ma-

1235 1657 1311 1693 rius
1336 1658 1491 1693 Priscus
1518 1659 1668 1694 natione
1685 1659 1864 1694 Baeticus
1882 1659 1978 1693 Plin.
1996 1670 2047 1702 ep.

1235 1717 1268 1758 3,
1295 1717 1328 1758 9,
1353 1717 1395 1757 3;
1421 1727 1499 1751 cos.
1525 1716 1548 1751 l.
1564 1730 1592 1751 c.
1617 1718 1651 1760 2,
1679 1718 1735 1760 11,
1762 1718 1824 1758 12;
1850 1722 2048 1752 accusatus

1234 1785 1267 1811 a.
1291 1777 1337 1812 99
1361 1786 1393 1810 a.
1424 1775 1550 1810 Plinio
1581 1775 1865 1822 repetundarum
1901 1777 2049 1810 nomine

1234 1833 1449 1879 provinciae
1474 1834 1640 1877 Africae,
1674 1845 1780 1880 quam
1804 1845 1872 1881 pro
1894 1835 2048 1869 consule

1235 1894 1400 1933 rexerat,
1426 1891 1714 1939 damnatusque3
1754 1897 1876 1928 act-um
1914 1892 2047 1927 deinde

1235 1950 1272 1985 in
1299 1953 1444 1992 senatu,
1469 1962 1516 1986 an
1541 1955 1740 1997 praeterea
1770 1953 1867 1987 inter
1891 1952 2049 1986 sicarios

1237 2009 1470 2044 accusandus
1504 2012 1609 2044 esset
1633 2010 1657 2043 1.
1682 2022 1711 2046 c.
1736 2011 1771 2051 2,
1798 2010 1864 2049 11;
1897 2010 1931 2050 3,
1954 2009 1989 2051 4,
2014 2009 2048 2049 8,

1238 2069 1272 2111 9,
1295 2068 1395 2109 2.4;
1421 2069 1455 2111 6,
1481 2068 1539 2109 29,
1564 2069 1607 2112 9;
1632 2068 1683 2101 ad
1712 2068 1810 2102 Trai.
1835 2069 1895 2102 3⁰.
1918 2067 2050 2107 6312»-

1239 2138 1315 2162 ven.
1342 2127 1375 2168 1,
1398 2126 1462 2167 49;
1487 2127 1520 2168 8,
1546 2126 1633 2166 12ος
1668 2125 1715 2160 cf.
1753 2126 1945 2160 Mommsen
1976 2125 2050 2159 ind.

1240 2197 1332 2221 nom.
1358 2186 1408 2220 ad
1429 2185 1590 2218 Plinium
1615 2182 1737 2218 Keilii.

1196 2242 1380 2277 Proculus
1405 2242 1547 2277 calator
1571 2241 1652 2276 155.

1198 2311 1280 2336 sax.
1318 2301 1587 2344 [ovmcnmvs
1624 2300 1866 2342 counimus]
1906 2309 1983 2335 cos.
2021 2310 2053 2333 a.

1243 2359 1314 2396 180
1349 2369 1430 2394 cum
1468 2358 1510 2394 G.
1544 2358 1690 2393 Bruttio
1724 2358 1928 2392 Praesente
1968 2357 2052 2393 180:

1243 2417 1310 2452 fuit
1341 2417 1438 2452 filius
1465 2415 1659 2461 Quinctilii
1684 2415 1837 2450 Maximi
1869 2414 2055 2450 interfecti

1245 2487 1275 2520 α,
1292 2475 1495 2511 Commodo
1527 2486 1563 2510 a.
1597 2475 1665 2510 182
1701 2473 1747 2509 de
1780 2474 1918 2519 iisque,
1961 2483 2055 2519 quae

1245 2533 1481 2580 postmodum
1497 2543 1633 2580 passus
1654 2533 1718 2574 sit,
1743 2532 1836 2567 dicit
1853 2533 1923 2567 Dio
1940 2531 1996 2571 72,
2012 2531 2056 2571 6;

1248 2592 1509 2638 cf.·Lamprid.
1536 2592 1662 2627 Comm.
1687 2593 1721 2635 5,
1748 2590 1896 2625 Henzen
1921 2589 2025 2625 6057.

1202 2661 1238 2684 τ.
1288 2662 1497 2693 ovmcnvs
1554 2662 1757 2686 cmsemvs
1807 2659 2054 2689 vnunmsvs

1250 2708 1362 2744 frater
1379 2709 1529 2745 Arvalis
1556 2709 1601 2744 14
1624 2709 1669 2744 21
1694 2708 1758 2749 27;
1783 2707 1962 2752 magister
1979 2705 2056 2740 col-

1250 2766 1339 2812 legii
1361 2768 1421 2802 21.
1474 2767 1632 2802 Videtur
1656 2777 1741 2801 esse
1766 2775 1845 2800 cos.
1871 2775 1904 2798 a.
1928 2765 1951 2798 2
1965 2765 2061 2809 fasti

1253 2827 1386 2860 Gabini
1420 2826 1455 2861 C.
1482 2827 1513 2862 I.
1540 2827 1581 2860 L.
1609 2827 1629 2860 1
1659 2838 1695 2868 p.
1725 2824 1796 2859 473
1828 2822 1889 2866 (cf.
1917 2823 1943 2858 l.
1967 2834 1995 2858 c.
2023 2824 2061 2855 et

1250 2883 1390 2918 Marini
1413 2886 1499 2919 Ara.
1521 2897 1557 2928 p.
1582 2884 1628 2918 15
1653 2886 1692 2918 et
1715 2882 1788 2923 17),
1814 2881 1876 2926 qui
1909 2890 1990 2915 cum
2016 2879 2060 2914 P.

1251 2943 1422 2978 Cornelio
1448 2942 1611 2978 Lentulo
1630 2941 1806 2987 Scipione
1833 2949 1954 2973 arcum
1972 2937 2062 2972 fecit

1253 2999 1288 3035 C.
1315 2999 1347 3034 Ῑ.
1374 3001 1412 3034 L.
1440 3001 1570 3044 &1385
1593 3015 1640 3031 =
1668 3000 1772 3033 ΘΗΛ.
1800 2997 1880 3038 187,
1913 2996 1954 3037 4;
1992 2995 2061 3030 sub

1253 3057 1406 3094 Tiberio
1446 3069 1602 3105 praeses
1643 3059 1850 3092 curatorum
1897 3054 2063 3089 locorum

1249 3117 1483 3164 publicorum
1521 3114 1802 3151 iudicandorum
1835 3113 1873 3147 G.
1902 3111 1932 3146 l.
1959 3112 2000 3147 L.
2026 3112 2060 3152 6,

1252 3177 1345 3213 1266
1370 3191 1415 3205 =
1441 3177 1544 3212 Grut.
1568 3175 1649 3216 200,
1676 3176 1709 3209 6.

1205 3247 1247 3270 u.
1275 3247 1438 3271 muscus
1466 3245 1612 3268 'mvnvs
1645 3231 1757 3267 frater
1790 3228 1939 3264 Arvalis
1970 3228 2064 3262 Nero

1255 3295 1298 3328 Δ.
1325 3295 1383 3329 69.

1705 3317 1800 3389 14*
