<?xml version="1.0" encoding="UTF-8"?>
<!DOCTYPE html PUBLIC "-//W3C//DTD XHTML 1.0 Transitional//EN"
    "http://www.w3.org/TR/xhtml1/DTD/xhtml1-transitional.dtd">
<html xmlns="http://www.w3.org/1999/xhtml" xml:lang="en" lang="en">
 <head>
  <title>
</title>
<meta http-equiv="Content-Type" content="text/html;charset=utf-8" />
  <meta name='ocr-system' content='tesseract 3.04.00' />
  <meta name='ocr-capabilities' content='ocr_page ocr_carea ocr_par ocr_line ocrx_word'/>
</head>
<body>
  <div class='ocr_page' id='page_1' title='image "./actafratrumarval00henzuoft_0338.png"; bbox 0 0 2340 3658; ppageno 0'>
   <div class='ocr_carea' id='block_1_1' title="bbox 372 241 1505 290">
    <p class='ocr_par' dir='ltr' id='par_1_1' title="bbox 372 241 1505 290">
     <span class='ocr_line' id='line_1_1' title="bbox 372 241 1505 290; baseline -0.001 -11"><span class='ocrx_word' id='word_1_1' title='bbox 372 249 425 290; x_wconf 82' lang='grc'>68</span> <span class='ocrx_word' id='word_1_2' title='bbox 1030 242 1219 278; x_wconf 78' lang='lat' dir='ltr'>Sacrificia</span> <span class='ocrx_word' id='word_1_3' title='bbox 1245 241 1505 278; x_wconf 80' lang='lat' dir='ltr'>anniversaria.</span> 
     </span>
    </p>
   </div>
   <div class='ocr_carea' id='block_1_2' title="bbox 371 357 2184 1486">
    <p class='ocr_par' dir='ltr' id='par_1_2' title="bbox 371 357 2184 1486">
     <span class='ocr_line' id='line_1_2' title="bbox 372 357 2175 411; baseline -0.001 -12"><span class='ocrx_word' id='word_1_4' title='bbox 372 362 525 401; x_wconf 82' lang='lat' dir='ltr'>dolatos</span> <span class='ocrx_word' id='word_1_5' title='bbox 554 373 656 409; x_wconf 82' lang='lat' dir='ltr'>esse,</span> <span class='ocrx_word' id='word_1_6' title='bbox 687 360 845 399; x_wconf 91' lang='lat' dir='ltr'>dubium</span> <span class='ocrx_word' id='word_1_7' title='bbox 874 371 951 398; x_wconf 90' lang='lat' dir='ltr'>non</span> <span class='ocrx_word' id='word_1_8' title='bbox 981 364 1044 399; x_wconf 82' lang='lat' dir='ltr'>est</span> <span class='ocrx_word' id='word_1_9' title='bbox 1072 358 1163 409; x_wconf 89' lang='lat' dir='ltr'>quin</span> <span class='ocrx_word' id='word_1_10' title='bbox 1191 357 1445 409; x_wconf 82' lang='lat' dir='ltr'>pontificatus</span> <span class='ocrx_word' id='word_1_11' title='bbox 1474 370 1630 410; x_wconf 87' lang='lat' dir='ltr'>quoque</span> <span class='ocrx_word' id='word_1_12' title='bbox 1657 359 1846 398; x_wconf 84' lang='lat' dir='ltr'>maximus</span> <span class='ocrx_word' id='word_1_13' title='bbox 1881 361 2007 411; x_wconf 89' lang='lat' dir='ltr'>primo</span> <span class='ocrx_word' id='word_1_14' title='bbox 2043 358 2175 399; x_wconf 78' lang='lat' dir='ltr'>statim</span> 
     </span>
     <span class='ocr_line' id='line_1_3' title="bbox 371 422 2174 476; baseline -0.001 -13"><span class='ocrx_word' id='word_1_15' title='bbox 371 425 521 476; x_wconf 90' lang='lat' dir='ltr'>imperii</span> <span class='ocrx_word' id='word_1_16' title='bbox 549 425 611 463; x_wconf 87' lang='lat' dir='ltr'>die</span> <span class='ocrx_word' id='word_1_17' title='bbox 639 436 662 462; x_wconf 88' lang='lat' dir='ltr'>a</span> <span class='ocrx_word' id='word_1_18' title='bbox 690 428 827 461; x_wconf 84' lang='lat' dir='ltr'>senatu</span> <span class='ocrx_word' id='word_1_19' title='bbox 857 423 1035 460; x_wconf 86' lang='lat' dir='ltr'>decretus</span> <span class='ocrx_word' id='word_1_20' title='bbox 1065 422 1125 460; x_wconf 88' lang='lat' dir='ltr'>sit.</span> <span class='ocrx_word' id='word_1_21' title='bbox 1152 444 1203 451; x_wconf 86' lang='lat'>—-</span> <span class='ocrx_word' id='word_1_22' title='bbox 1229 422 1290 460; x_wconf 92' lang='lat' dir='ltr'>De</span> <span class='ocrx_word' id='word_1_23' title='bbox 1321 422 1518 461; x_wconf 76' lang='lat' dir='ltr'>creatione</span> <span class='ocrx_word' id='word_1_24' title='bbox 1546 422 1742 472; x_wconf 84' lang='lat' dir='ltr'>pontificis</span> <span class='ocrx_word' id='word_1_25' title='bbox 1771 423 1927 461; x_wconf 82' lang='lat' dir='ltr'>maximi</span> <span class='ocrx_word' id='word_1_26' title='bbox 1956 437 1979 462; x_wconf 86' lang='lat' dir='ltr'>a</span> <span class='ocrx_word' id='word_1_27' title='bbox 2006 422 2174 471; x_wconf 80' lang='lat' dir='ltr'>collegio</span> 
     </span>
     <span class='ocr_line' id='line_1_4' title="bbox 374 485 2175 536; baseline -0.001 -10"><span class='ocrx_word' id='word_1_28' title='bbox 374 488 423 526; x_wconf 85' lang='lat' dir='ltr'>ad</span> <span class='ocrx_word' id='word_1_29' title='bbox 452 489 608 526; x_wconf 79' lang='lat' dir='ltr'>comitla</span> <span class='ocrx_word' id='word_1_30' title='bbox 635 487 828 525; x_wconf 76' lang='lat' dir='ltr'>translata</span> <span class='ocrx_word' id='word_1_31' title='bbox 867 486 924 524; x_wconf 81' lang='lat' dir='ltr'>ita</span> <span class='ocrx_word' id='word_1_32' title='bbox 950 490 993 524; x_wconf 89' lang='lat' dir='ltr'>ut</span> <span class='ocrx_word' id='word_1_33' title='bbox 1019 485 1144 523; x_wconf 90' lang='lat' dir='ltr'>minor</span> <span class='ocrx_word' id='word_1_34' title='bbox 1169 497 1263 535; x_wconf 87' lang='lat' dir='ltr'>pars</span> <span class='ocrx_word' id='word_1_35' title='bbox 1298 486 1434 536; x_wconf 90' lang='lat' dir='ltr'>populi</span> <span class='ocrx_word' id='word_1_36' title='bbox 1470 485 1542 536; x_wconf 86' lang='lat' dir='ltr'>(sc.</span> <span class='ocrx_word' id='word_1_37' title='bbox 1572 486 1851 536; x_wconf 81' lang='lat' dir='ltr'>septemdecim</span> <span class='ocrx_word' id='word_1_38' title='bbox 1886 485 2026 535; x_wconf 88' lang='lat' dir='ltr'>tribus)</span> <span class='ocrx_word' id='word_1_39' title='bbox 2059 497 2175 524; x_wconf 81' lang='lat' dir='ltr'>voca-</span> 
     </span>
     <span class='ocr_line' id='line_1_5' title="bbox 374 547 2176 601; baseline -0.002 -11"><span class='ocrx_word' id='word_1_40' title='bbox 374 555 489 600; x_wconf 85' lang='lat' dir='ltr'>retur,</span> <span class='ocrx_word' id='word_1_41' title='bbox 519 552 567 590; x_wconf 86' lang='lat' dir='ltr'>cf.</span> <span class='ocrx_word' id='word_1_42' title='bbox 597 550 792 589; x_wconf 86' lang='lat' dir='ltr'>Mercklin</span> <span class='ocrx_word' id='word_1_43' title='bbox 820 549 844 587; x_wconf 93' lang='lat' dir='ltr'>l.</span> <span class='ocrx_word' id='word_1_44' title='bbox 875 561 908 587; x_wconf 89' lang='lat' dir='ltr'>c.</span> <span class='ocrx_word' id='word_1_45' title='bbox 937 561 974 599; x_wconf 92' lang='lat' dir='ltr'>p.</span> <span class='ocrx_word' id='word_1_46' title='bbox 1004 550 1053 587; x_wconf 86' lang='lat'>92</span> <span class='ocrx_word' id='word_1_47' title='bbox 1084 560 1193 599; x_wconf 89' lang='lat' dir='ltr'>seqq.</span> <span class='ocrx_word' id='word_1_48' title='bbox 1226 547 1293 587; x_wconf 81' lang='lat'>137</span> <span class='ocrx_word' id='word_1_49' title='bbox 1326 561 1455 599; x_wconf 83' lang='lat' dir='ltr'>seqq.;</span> <span class='ocrx_word' id='word_1_50' title='bbox 1483 549 1586 587; x_wconf 89' lang='lat' dir='ltr'>idem</span> <span class='ocrx_word' id='word_1_51' title='bbox 1614 561 1652 599; x_wconf 90' lang='lat' dir='ltr'>p.</span> <span class='ocrx_word' id='word_1_52' title='bbox 1676 550 1748 588; x_wconf 85' lang='lat'>149</span> <span class='ocrx_word' id='word_1_53' title='bbox 1776 562 1885 601; x_wconf 86' lang='lat' dir='ltr'>seqq.</span> <span class='ocrx_word' id='word_1_54' title='bbox 1916 549 1964 588; x_wconf 86' lang='lat' dir='ltr'>de</span> <span class='ocrx_word' id='word_1_55' title='bbox 1989 548 2176 600; x_wconf 80' lang='lat' dir='ltr'>pontifice</span> 
     </span>
     <span class='ocr_line' id='line_1_6' title="bbox 378 612 2177 664; baseline -0.001 -11"><span class='ocrx_word' id='word_1_56' title='bbox 378 615 545 653; x_wconf 86' lang='lat' dir='ltr'>maximo</span> <span class='ocrx_word' id='word_1_57' title='bbox 586 618 715 652; x_wconf 86' lang='lat' dir='ltr'>aetate</span> <span class='ocrx_word' id='word_1_58' title='bbox 759 613 1035 663; x_wconf 86' lang='lat' dir='ltr'>imperatorum</span> <span class='ocrx_word' id='word_1_59' title='bbox 1078 624 1101 649; x_wconf 91' lang='lat' dir='ltr'>a</span> <span class='ocrx_word' id='word_1_60' title='bbox 1145 616 1283 650; x_wconf 85' lang='lat' dir='ltr'>senatu</span> <span class='ocrx_word' id='word_1_61' title='bbox 1326 616 1471 661; x_wconf 88' lang='lat' dir='ltr'>creato,</span> <span class='ocrx_word' id='word_1_62' title='bbox 1511 612 1620 651; x_wconf 91' lang='lat' dir='ltr'>euius</span> <span class='ocrx_word' id='word_1_63' title='bbox 1661 613 1717 651; x_wconf 84' lang='lat' dir='ltr'>rei</span> <span class='ocrx_word' id='word_1_64' title='bbox 1757 615 1880 653; x_wconf 82' lang='lat' dir='ltr'>testes</span> <span class='ocrx_word' id='word_1_65' title='bbox 1923 614 2177 664; x_wconf 85' lang='lat' dir='ltr'>gravissimos</span> 
     </span>
     <span class='ocr_line' id='line_1_7' title="bbox 376 674 2178 727; baseline -0.001 -11"><span class='ocrx_word' id='word_1_66' title='bbox 376 679 563 717; x_wconf 78' lang='lat' dir='ltr'>habemus</span> <span class='ocrx_word' id='word_1_67' title='bbox 596 677 866 727; x_wconf 82' lang='lat' dir='ltr'>Capitolinum</span> <span class='ocrx_word' id='word_1_68' title='bbox 893 676 1069 726; x_wconf 66' lang='lat' dir='ltr'>(Macrin.</span> <span class='ocrx_word' id='word_1_69' title='bbox 1099 674 1158 725; x_wconf 79' lang='lat'>7):</span> <span class='ocrx_word' id='word_1_70' title='bbox 1189 674 1362 726; x_wconf 72' lang='lat' dir='ltr'>(senatus)</span> <span class='ocrx_word' id='word_1_71' title='bbox 1393 677 1552 723; x_wconf 77' lang='lat' dir='ltr'>eundem,</span> <span class='ocrx_word' id='word_1_72' title='bbox 1581 689 1659 714; x_wconf 82' lang='lat' dir='ltr'>cum</span> <span class='ocrx_word' id='word_1_73' title='bbox 1685 677 1806 715; x_wconf 72' lang='lat' dir='ltr'>scriba</span> <span class='ocrx_word' id='word_1_74' title='bbox 1839 680 2052 727; x_wconf 77' lang='lat' dir='ltr'>pontificum</span> <span class='ocrx_word' id='word_1_75' title='bbox 2079 683 2178 725; x_wconf 75' lang='lat' dir='ltr'>esset,</span> 
     </span>
     <span class='ocr_line' id='line_1_8' title="bbox 377 738 2177 792; baseline 0 -13"><span class='ocrx_word' id='word_1_76' title='bbox 377 755 464 792; x_wconf 82' lang='lat' dir='ltr'>quos</span> <span class='ocrx_word' id='word_1_77' title='bbox 489 742 594 779; x_wconf 68' lang='lat' dir='ltr'>hodie</span> <span class='ocrx_word' id='word_1_78' title='bbox 617 743 804 791; x_wconf 55' lang='lat' dir='ltr'>pontifices</span> <span class='ocrx_word' id='word_1_79' title='bbox 829 741 990 777; x_wconf 66' lang='lat' dir='ltr'>minores</span> <span class='ocrx_word' id='word_1_80' title='bbox 1016 745 1160 785; x_wconf 81' lang='lat' dir='ltr'>vocant,</span> <span class='ocrx_word' id='word_1_81' title='bbox 1196 741 1402 789; x_wconf 54' lang='lat' dir='ltr'>pontificem</span> <span class='ocrx_word' id='word_1_82' title='bbox 1437 742 1628 778; x_wconf 72' lang='lat' dir='ltr'>maximum</span> <span class='ocrx_word' id='word_1_83' title='bbox 1659 740 1878 790; x_wconf 46' lang='lat' dir='ltr'>appellavi&amp;</span> <span class='ocrx_word' id='word_1_84' title='bbox 1907 738 2177 791; x_wconf 76' lang='lat' dir='ltr'>Lampridium</span> 
     </span>
     <span class='ocr_line' id='line_1_9' title="bbox 375 802 2177 855; baseline -0.001 -12"><span class='ocrx_word' id='word_1_85' title='bbox 375 807 470 855; x_wconf 75' lang='lat' dir='ltr'>(See.</span> <span class='ocrx_word' id='word_1_86' title='bbox 499 804 602 842; x_wconf 70' lang='lat' dir='ltr'>Alex.</span> <span class='ocrx_word' id='word_1_87' title='bbox 630 805 690 851; x_wconf 81' lang='lat'>8).·</span> <span class='ocrx_word' id='word_1_88' title='bbox 715 805 859 852; x_wconf 69' lang='lat' dir='ltr'>qratias</span> <span class='ocrx_word' id='word_1_89' title='bbox 885 802 997 850; x_wconf 77' lang='lat' dir='ltr'>vobis,</span> <span class='ocrx_word' id='word_1_90' title='bbox 1021 808 1149 852; x_wconf 75' lang='lat' dir='ltr'>patres</span> <span class='ocrx_word' id='word_1_91' title='bbox 1176 805 1383 852; x_wconf 67' lang='lat' dir='ltr'><strong><em>conscripti,</em></strong></span> <span class='ocrx_word' id='word_1_92' title='bbox 1409 815 1482 841; x_wconf 78' lang='lat' dir='ltr'>non</span> <span class='ocrx_word' id='word_1_93' title='bbox 1519 815 1613 840; x_wconf 76' lang='lat' dir='ltr'>nunc</span> <span class='ocrx_word' id='word_1_94' title='bbox 1639 805 1820 853; x_wconf 75' lang='lat' dir='ltr'>primum,</span> <span class='ocrx_word' id='word_1_95' title='bbox 1854 805 1919 842; x_wconf 80' lang='lat' dir='ltr'>sed</span> <span class='ocrx_word' id='word_1_96' title='bbox 1951 810 1985 842; x_wconf 83' lang='lat' dir='ltr'>et</span> <span class='ocrx_word' id='word_1_97' title='bbox 2016 804 2060 842; x_wconf 82' lang='lat' dir='ltr'>de</span> <span class='ocrx_word' id='word_1_98' title='bbox 2091 804 2177 843; x_wconf 83' lang='lat' dir='ltr'>Cae-</span> 
     </span>
     <span class='ocr_line' id='line_1_10' title="bbox 374 864 2178 918; baseline -0.001 -12"><span class='ocrx_word' id='word_1_99' title='bbox 374 881 527 906; x_wconf 78' lang='lat' dir='ltr'>sareano</span> <span class='ocrx_word' id='word_1_100' title='bbox 555 868 697 904; x_wconf 71' lang='lat' dir='ltr'>nomine</span> <span class='ocrx_word' id='word_1_101' title='bbox 727 871 760 901; x_wconf 84' lang='lat' dir='ltr'>et</span> <span class='ocrx_word' id='word_1_102' title='bbox 786 866 829 903; x_wconf 79' lang='lat' dir='ltr'>de</span> <span class='ocrx_word' id='word_1_103' title='bbox 854 868 933 902; x_wconf 77' lang='lat' dir='ltr'>vita</span> <span class='ocrx_word' id='word_1_104' title='bbox 958 871 1103 902; x_wconf 80' lang='lat' dir='ltr'>servata</span> <span class='ocrx_word' id='word_1_105' title='bbox 1130 871 1164 903; x_wconf 86' lang='lat' dir='ltr'>et</span> <span class='ocrx_word' id='word_1_106' title='bbox 1187 864 1346 915; x_wconf 68' lang='lat' dir='ltr'>Aetyustt</span> <span class='ocrx_word' id='word_1_107' title='bbox 1380 868 1521 903; x_wconf 74' lang='lat' dir='ltr'>nomine</span> <span class='ocrx_word' id='word_1_108' title='bbox 1555 867 1681 904; x_wconf 75' lang='lat' dir='ltr'>addito</span> <span class='ocrx_word' id='word_1_109' title='bbox 1717 874 1748 904; x_wconf 89' lang='lat' dir='ltr'>et</span> <span class='ocrx_word' id='word_1_110' title='bbox 1782 868 1825 904; x_wconf 78' lang='lat' dir='ltr'>de</span> <span class='ocrx_word' id='word_1_111' title='bbox 1855 869 2070 918; x_wconf 58' lang='lat' dir='ltr'>pontificatu</span> <span class='ocrx_word' id='word_1_112' title='bbox 2101 879 2178 904; x_wconf 85' lang='lat' dir='ltr'>ma-</span> 
     </span>
     <span class='ocr_line' id='line_1_11' title="bbox 372 929 2178 982; baseline 0.001 -13"><span class='ocrx_word' id='word_1_113' title='bbox 372 933 467 969; x_wconf 73' lang='lat' dir='ltr'>oeimo</span> <span class='ocrx_word' id='word_1_114' title='bbox 496 937 528 967; x_wconf 85' lang='lat' dir='ltr'>et</span> <span class='ocrx_word' id='word_1_115' title='bbox 553 932 596 967; x_wconf 80' lang='lat' dir='ltr'>de</span> <span class='ocrx_word' id='word_1_116' title='bbox 623 929 818 966; x_wconf 68' lang='lat' dir='ltr'>tribunicia</span> <span class='ocrx_word' id='word_1_117' title='bbox 838 934 1019 978; x_wconf 79' lang='lat' dir='ltr'>potestate</span> <span class='ocrx_word' id='word_1_118' title='bbox 1045 934 1079 965; x_wconf 84' lang='lat' dir='ltr'>et</span> <span class='ocrx_word' id='word_1_119' title='bbox 1101 930 1359 978; x_wconf 65' lang='lat' dir='ltr'>proconsulari</span> <span class='ocrx_word' id='word_1_120' title='bbox 1398 930 1560 978; x_wconf 67' lang='lat' dir='ltr'>imperio.</span> <span class='ocrx_word' id='word_1_121' title='bbox 1605 942 1697 979; x_wconf 80' lang='lat' dir='ltr'>quae</span> <span class='ocrx_word' id='word_1_122' title='bbox 1738 933 1859 969; x_wconf 81' lang='lat' dir='ltr'>omnia</span> <span class='ocrx_word' id='word_1_123' title='bbox 1898 943 1991 969; x_wconf 77' lang='lat' dir='ltr'><em>novo</em></span> <span class='ocrx_word' id='word_1_124' title='bbox 2019 932 2178 982; x_wconf 77' lang='lat' dir='ltr'>exempto</span> 
     </span>
     <span class='ocr_line' id='line_1_12' title="bbox 373 991 2180 1046; baseline 0.001 -14"><span class='ocrx_word' id='word_1_125' title='bbox 373 1008 443 1032; x_wconf 81' lang='lat' dir='ltr'>uno</span> <span class='ocrx_word' id='word_1_126' title='bbox 474 995 531 1031; x_wconf 81' lang='lat' dir='ltr'>die</span> <span class='ocrx_word' id='word_1_127' title='bbox 557 996 595 1030; x_wconf 72' lang='lat' dir='ltr'>in</span> <span class='ocrx_word' id='word_1_128' title='bbox 621 1005 675 1029; x_wconf 82' lang='lat' dir='ltr'>me</span> <span class='ocrx_word' id='word_1_129' title='bbox 702 993 921 1037; x_wconf 52' lang='lat' dir='ltr'>contulisti&amp;</span> <span class='ocrx_word' id='word_1_130' title='bbox 948 991 1167 1041; x_wconf 82' lang='lat' dir='ltr'>Vopiscum</span> <span class='ocrx_word' id='word_1_131' title='bbox 1198 991 1325 1041; x_wconf 76' lang='lat' dir='ltr'>(Proh.</span> <span class='ocrx_word' id='word_1_132' title='bbox 1357 991 1439 1041; x_wconf 84' lang='lat'>12).·</span> <span class='ocrx_word' id='word_1_133' title='bbox 1481 993 1631 1031; x_wconf 80' lang='lat' dir='ltr'>decerno</span> <span class='ocrx_word' id='word_1_134' title='bbox 1658 996 1781 1044; x_wconf 69' lang='lat' dir='ltr'>iyz&#39;tztr,</span> <span class='ocrx_word' id='word_1_135' title='bbox 1811 1000 1940 1043; x_wconf 77' lang='lat' dir='ltr'>patres</span> <span class='ocrx_word' id='word_1_136' title='bbox 1973 997 2180 1046; x_wconf 62' lang='lat' dir='ltr'>conscripti,</span> 
     </span>
     <span class='ocr_line' id='line_1_13' title="bbox 374 1056 2181 1110; baseline 0 -14"><span class='ocrx_word' id='word_1_137' title='bbox 374 1060 467 1096; x_wconf 76' lang='lat' dir='ltr'>votis</span> <span class='ocrx_word' id='word_1_138' title='bbox 495 1059 651 1095; x_wconf 76' lang='lat' dir='ltr'>omnium</span> <span class='ocrx_word' id='word_1_139' title='bbox 679 1056 942 1093; x_wconf 76' lang='lat' dir='ltr'>concinentibus</span> <span class='ocrx_word' id='word_1_140' title='bbox 980 1068 1108 1093; x_wconf 73' lang='lat' dir='ltr'>nomen</span> <span class='ocrx_word' id='word_1_141' title='bbox 1138 1057 1424 1104; x_wconf 71' lang='lat' dir='ltr'>imperatorium,</span> <span class='ocrx_word' id='word_1_142' title='bbox 1462 1069 1589 1094; x_wconf 80' lang='lat' dir='ltr'>nomen</span> <span class='ocrx_word' id='word_1_143' title='bbox 1621 1057 1846 1103; x_wconf 74' lang='lat' dir='ltr'>Caesareum,</span> <span class='ocrx_word' id='word_1_144' title='bbox 1883 1070 2011 1095; x_wconf 81' lang='lat' dir='ltr'>nomen</span> <span class='ocrx_word' id='word_1_145' title='bbox 2035 1058 2181 1110; x_wconf 66' lang='lat' dir='ltr'>Augus·</span> 
     </span>
     <span class='ocr_line' id='line_1_14' title="bbox 375 1119 2181 1170; baseline 0.001 -11"><span class='ocrx_word' id='word_1_146' title='bbox 375 1129 459 1159; x_wconf 84' lang='lat' dir='ltr'>tum.</span> <span class='ocrx_word' id='word_1_147' title='bbox 489 1121 586 1158; x_wconf 81' lang='lat' dir='ltr'>addo</span> <span class='ocrx_word' id='word_1_148' title='bbox 610 1119 875 1169; x_wconf 80' lang='lat' dir='ltr'>proconsulare</span> <span class='ocrx_word' id='word_1_149' title='bbox 901 1121 1110 1168; x_wconf 73' lang='lat' dir='ltr'>imperium,</span> <span class='ocrx_word' id='word_1_150' title='bbox 1131 1121 1255 1168; x_wconf 74' lang='lat' dir='ltr'>patris</span> <span class='ocrx_word' id='word_1_151' title='bbox 1269 1122 1418 1168; x_wconf 79' lang='lat' dir='ltr'>patriae</span> <span class='ocrx_word' id='word_1_152' title='bbox 1436 1123 1683 1167; x_wconf 74' lang='lat' dir='ltr'>reverentiam,</span> <span class='ocrx_word' id='word_1_153' title='bbox 1705 1123 1956 1170; x_wconf 79' lang='lat' dir='ltr'>pontificatum</span> <span class='ocrx_word' id='word_1_154' title='bbox 1975 1125 2181 1168; x_wconf 54' lang='lat' dir='ltr'>maximum,</span> 
     </span>
     <span class='ocr_line' id='line_1_15' title="bbox 374 1181 2181 1232; baseline 0.002 -11"><span class='ocrx_word' id='word_1_155' title='bbox 374 1187 430 1221; x_wconf 51' lang='lat' dir='ltr'>‘ias</span> <span class='ocrx_word' id='word_1_156' title='bbox 459 1186 586 1221; x_wconf 77' lang='lat' dir='ltr'>tertiae</span> <span class='ocrx_word' id='word_1_157' title='bbox 611 1183 813 1227; x_wconf 75' lang='lat' dir='ltr'>relationis,</span> <span class='ocrx_word' id='word_1_158' title='bbox 840 1183 1069 1219; x_wconf 73' lang='lat' dir='ltr'>tribuniciam</span> <span class='ocrx_word' id='word_1_159' title='bbox 1094 1187 1319 1232; x_wconf 76' lang='lat' dir='ltr'>potestatem.</span> <span class='ocrx_word' id='word_1_160' title='bbox 1359 1203 1410 1211; x_wconf 84' lang='lat'>·—-</span> <span class='ocrx_word' id='word_1_161' title='bbox 1453 1181 1623 1222; x_wconf 79' lang='lat' dir='ltr'>Senatus</span> <span class='ocrx_word' id='word_1_162' title='bbox 1665 1183 1818 1222; x_wconf 82' lang='lat' dir='ltr'>videtur</span> <span class='ocrx_word' id='word_1_163' title='bbox 1856 1196 1951 1222; x_wconf 88' lang='lat' dir='ltr'>usus</span> <span class='ocrx_word' id='word_1_164' title='bbox 1986 1197 2072 1223; x_wconf 85' lang='lat' dir='ltr'>esse</span> <span class='ocrx_word' id='word_1_165' title='bbox 2099 1185 2181 1224; x_wconf 87' lang='lat' dir='ltr'>iure</span> 
     </span>
     <span class='ocr_line' id='line_1_16' title="bbox 375 1244 2180 1300; baseline 0.002 -16"><span class='ocrx_word' id='word_1_166' title='bbox 375 1246 580 1296; x_wconf 88' lang='lat' dir='ltr'>pontifices</span> <span class='ocrx_word' id='word_1_167' title='bbox 610 1244 769 1283; x_wconf 70' lang='lat' dir='ltr'>creandi</span> <span class='ocrx_word' id='word_1_168' title='bbox 799 1246 847 1282; x_wconf 85' lang='lat' dir='ltr'>ab</span> <span class='ocrx_word' id='word_1_169' title='bbox 877 1257 923 1282; x_wconf 91' lang='lat' dir='ltr'>eo</span> <span class='ocrx_word' id='word_1_170' title='bbox 951 1245 1040 1282; x_wconf 90' lang='lat' dir='ltr'>inde</span> <span class='ocrx_word' id='word_1_171' title='bbox 1069 1249 1256 1295; x_wconf 88' lang='lat' dir='ltr'>tempore,</span> <span class='ocrx_word' id='word_1_172' title='bbox 1284 1257 1359 1295; x_wconf 90' lang='lat' dir='ltr'>quo</span> <span class='ocrx_word' id='word_1_173' title='bbox 1382 1258 1406 1284; x_wconf 82' lang='lat' dir='ltr'>a</span> <span class='ocrx_word' id='word_1_174' title='bbox 1429 1245 1588 1285; x_wconf 81' lang='lat' dir='ltr'>Tiberio</span> <span class='ocrx_word' id='word_1_175' title='bbox 1617 1247 1774 1285; x_wconf 85' lang='lat' dir='ltr'>comitia</span> <span class='ocrx_word' id='word_1_176' title='bbox 1800 1259 1820 1285; x_wconf 93' lang='lat' dir='ltr'>e</span> <span class='ocrx_word' id='word_1_177' title='bbox 1850 1259 1988 1300; x_wconf 84' lang='lat' dir='ltr'>campo</span> <span class='ocrx_word' id='word_1_178' title='bbox 2017 1248 2067 1286; x_wconf 84' lang='lat' dir='ltr'>ad</span> <span class='ocrx_word' id='word_1_179' title='bbox 2095 1260 2180 1288; x_wconf 87' lang='lat' dir='ltr'>eum</span> 
     </span>
     <span class='ocr_line' id='line_1_17' title="bbox 377 1309 2184 1362; baseline 0.002 -15"><span class='ocrx_word' id='word_1_180' title='bbox 377 1309 570 1348; x_wconf 80' lang='lat' dir='ltr'>translata</span> <span class='ocrx_word' id='word_1_181' title='bbox 598 1314 704 1346; x_wconf 88' lang='lat' dir='ltr'>sunt:</span> <span class='ocrx_word' id='word_1_182' title='bbox 732 1312 774 1346; x_wconf 88' lang='lat' dir='ltr'>ut</span> <span class='ocrx_word' id='word_1_183' title='bbox 803 1314 929 1346; x_wconf 82' lang='lat' dir='ltr'>autem</span> <span class='ocrx_word' id='word_1_184' title='bbox 959 1312 999 1346; x_wconf 87' lang='lat' dir='ltr'>et</span> <span class='ocrx_word' id='word_1_185' title='bbox 1024 1309 1280 1357; x_wconf 83' lang='lat' dir='ltr'>magistratus</span> <span class='ocrx_word' id='word_1_186' title='bbox 1323 1313 1362 1347; x_wconf 88' lang='lat' dir='ltr'>et</span> <span class='ocrx_word' id='word_1_187' title='bbox 1402 1310 1522 1348; x_wconf 89' lang='lat' dir='ltr'>ceteri</span> <span class='ocrx_word' id='word_1_188' title='bbox 1564 1311 1790 1350; x_wconf 80' lang='lat' dir='ltr'>sacerdotes</span> <span class='ocrx_word' id='word_1_189' title='bbox 1820 1323 1842 1349; x_wconf 87' lang='lat' dir='ltr'>a</span> <span class='ocrx_word' id='word_1_190' title='bbox 1870 1316 2007 1351; x_wconf 80' lang='lat' dir='ltr'>senatu</span> <span class='ocrx_word' id='word_1_191' title='bbox 2050 1311 2184 1362; x_wconf 80' lang='lat' dir='ltr'>creati,</span> 
     </span>
     <span class='ocr_line' id='line_1_18' title="bbox 374 1372 2182 1428; baseline 0.002 -18"><span class='ocrx_word' id='word_1_192' title='bbox 374 1372 430 1410; x_wconf 85' lang='lat' dir='ltr'>ita</span> <span class='ocrx_word' id='word_1_193' title='bbox 468 1372 647 1422; x_wconf 84' lang='lat' dir='ltr'>pontifex</span> <span class='ocrx_word' id='word_1_194' title='bbox 675 1383 829 1422; x_wconf 88' lang='lat' dir='ltr'>quoque</span> <span class='ocrx_word' id='word_1_195' title='bbox 857 1372 1048 1410; x_wconf 81' lang='lat' dir='ltr'>maximus</span> <span class='ocrx_word' id='word_1_196' title='bbox 1078 1372 1114 1410; x_wconf 90' lang='lat' dir='ltr'>in</span> <span class='ocrx_word' id='word_1_197' title='bbox 1152 1372 1318 1411; x_wconf 84' lang='lat' dir='ltr'>comitiis</span> <span class='ocrx_word' id='word_1_198' title='bbox 1345 1373 1484 1423; x_wconf 91' lang='lat' dir='ltr'>populi</span> <span class='ocrx_word' id='word_1_199' title='bbox 1511 1374 1818 1414; x_wconf 72' lang='lat' dir='ltr'>renuntiabatur.</span> <span class='ocrx_word' id='word_1_200' title='bbox 1872 1373 1994 1416; x_wconf 85' lang='lat' dir='ltr'>Cuius</span> <span class='ocrx_word' id='word_1_201' title='bbox 2022 1374 2077 1413; x_wconf 82' lang='lat' dir='ltr'>rei</span> <span class='ocrx_word' id='word_1_202' title='bbox 2104 1373 2182 1428; x_wconf 84' lang='lat' dir='ltr'>pri·</span> 
     </span>
     <span class='ocr_line' id='line_1_19' title="bbox 375 1435 1503 1486; baseline 0.002 -13"><span class='ocrx_word' id='word_1_203' title='bbox 375 1447 489 1484; x_wconf 87' lang='lat' dir='ltr'>mum,</span> <span class='ocrx_word' id='word_1_204' title='bbox 519 1435 556 1473; x_wconf 90' lang='lat' dir='ltr'>ni</span> <span class='ocrx_word' id='word_1_205' title='bbox 585 1435 712 1484; x_wconf 83' lang='lat' dir='ltr'>fallor,</span> <span class='ocrx_word' id='word_1_206' title='bbox 741 1436 960 1486; x_wconf 83' lang='lat' dir='ltr'>exemplum</span> <span class='ocrx_word' id='word_1_207' title='bbox 990 1438 1081 1475; x_wconf 76' lang='lat' dir='ltr'>acta</span> <span class='ocrx_word' id='word_1_208' title='bbox 1110 1435 1277 1475; x_wconf 87' lang='lat' dir='ltr'>Othonis</span> <span class='ocrx_word' id='word_1_209' title='bbox 1307 1435 1503 1475; x_wconf 81' lang='lat' dir='ltr'>exhibent.</span> 
     </span>
    </p>
   </div>
   <div class='ocr_carea' id='block_1_3' title="bbox 377 1623 2206 1673">
    <p class='ocr_par' dir='ltr' id='par_1_3' title="bbox 377 1623 2206 1673">
     <span class='ocr_line' id='line_1_20' title="bbox 377 1623 2206 1673; baseline 0.004 -8"><span class='ocrx_word' id='word_1_210' title='bbox 377 1637 412 1666; x_wconf 89' lang='lat' dir='ltr'>e.</span> <span class='ocrx_word' id='word_1_211' title='bbox 460 1623 532 1667; x_wconf 92' lang='lat' dir='ltr'>OB</span> <span class='ocrx_word' id='word_1_212' title='bbox 564 1623 1046 1668; x_wconf 87' lang='lat' dir='ltr'>APPELLATIONEM</span> <span class='ocrx_word' id='word_1_213' title='bbox 1075 1623 1278 1671; x_wconf 85' lang='lat' dir='ltr'><strong>PATRIS</strong></span> <span class='ocrx_word' id='word_1_214' title='bbox 1310 1624 1556 1668; x_wconf 86' lang='lat' dir='ltr'>PATRIAE</span> <span class='ocrx_word' id='word_1_215' title='bbox 1588 1625 1837 1670; x_wconf 89' lang='lat' dir='ltr'>CLAUDIO</span> <span class='ocrx_word' id='word_1_216' title='bbox 1865 1627 2206 1673; x_wconf 74' lang='lat' dir='ltr'>DECRETAM.v</span> 
     </span>
    </p>
   </div>
   <div class='ocr_carea' id='block_1_4' title="bbox 377 1747 2187 2584">
    <p class='ocr_par' dir='ltr' id='par_1_4' title="bbox 379 1747 2187 1879">
     <span class='ocr_line' id='line_1_21' title="bbox 379 1747 2187 1811; baseline 0.002 -17"><span class='ocrx_word' id='word_1_217' title='bbox 379 1748 597 1806; x_wconf 80' lang='lat' dir='ltr'>[CLAUD.</span> <span class='ocrx_word' id='word_1_218' title='bbox 620 1747 685 1806; x_wconf 87' lang='lat' dir='ltr'>A.]</span> <span class='ocrx_word' id='word_1_219' title='bbox 852 1783 861 1791; x_wconf 91' lang='lat'>.</span> <span class='ocrx_word' id='word_1_220' title='bbox 895 1783 903 1791; x_wconf 96' lang='lat'>.</span> <span class='ocrx_word' id='word_1_221' title='bbox 937 1749 1015 1792; x_wconf 82' lang='lat' dir='ltr'>dus</span> <span class='ocrx_word' id='word_1_222' title='bbox 1045 1751 1307 1807; x_wconf 82' lang='lat' dir='ltr'>Ianuar(ias&gt;</span> <span class='ocrx_word' id='word_1_223' title='bbox 1338 1757 1410 1793; x_wconf 84' lang='lat' dir='ltr'>cet.</span> <span class='ocrx_word' id='word_1_224' title='bbox 1442 1750 1555 1807; x_wconf 90' lang='lat' dir='ltr'>quod</span> <span class='ocrx_word' id='word_1_225' title='bbox 1586 1751 1650 1794; x_wconf 88' lang='lat' dir='ltr'>Ti.</span> <span class='ocrx_word' id='word_1_226' title='bbox 1683 1752 1885 1796; x_wconf 82' lang='lat' dir='ltr'>Claudius</span> <span class='ocrx_word' id='word_1_227' title='bbox 1907 1750 2187 1811; x_wconf 17' lang='lat' dir='ltr'>Cae[sarsAu-l</span> 
     </span>
     <span class='ocr_line' id='line_1_22' title="bbox 901 1818 1901 1879; baseline 0.001 -17"><span class='ocrx_word' id='word_1_228' title='bbox 901 1818 1067 1877; x_wconf 83' lang='lat' dir='ltr'>gust]us</span> <span class='ocrx_word' id='word_1_229' title='bbox 1095 1819 1255 1876; x_wconf 84' lang='lat' dir='ltr'>p(ater)</span> <span class='ocrx_word' id='word_1_230' title='bbox 1283 1820 1489 1877; x_wconf 83' lang='lat' dir='ltr'>p(atriae)</span> <span class='ocrx_word' id='word_1_231' title='bbox 1519 1821 1760 1877; x_wconf 81' lang='lat' dir='ltr'>appellatus</span> <span class='ocrx_word' id='word_1_232' title='bbox 1793 1819 1901 1879; x_wconf 82' lang='lat' dir='ltr'>[est].</span> 
     </span>
    </p>

    <p class='ocr_par' dir='ltr' id='par_1_5' title="bbox 377 1898 2187 2584">
     <span class='ocr_line' id='line_1_23' title="bbox 483 1898 2186 1950; baseline 0.003 -13"><span class='ocrx_word' id='word_1_233' title='bbox 483 1898 649 1937; x_wconf 82' lang='lat' dir='ltr'>Collatis</span> <span class='ocrx_word' id='word_1_234' title='bbox 683 1898 848 1937; x_wconf 87' lang='lat' dir='ltr'>nummis</span> <span class='ocrx_word' id='word_1_235' title='bbox 893 1899 1051 1938; x_wconf 87' lang='lat' dir='ltr'>Claudii</span> <span class='ocrx_word' id='word_1_236' title='bbox 1079 1900 1279 1950; x_wconf 73' lang='lat' dir='ltr'>inscriptis</span> <span class='ocrx_word' id='word_1_237' title='bbox 1320 1900 1423 1940; x_wconf 86' lang='lat' dir='ltr'>COS</span> <span class='ocrx_word' id='word_1_238' title='bbox 1445 1915 1453 1923; x_wconf 90' lang='grc'><em>·</em></span> <span class='ocrx_word' id='word_1_239' title='bbox 1473 1900 1580 1940; x_wconf 88' lang='lat' dir='ltr'>DES</span> <span class='ocrx_word' id='word_1_240' title='bbox 1603 1915 1611 1923; x_wconf 95' lang='lat'><strong>·</strong></span> <span class='ocrx_word' id='word_1_241' title='bbox 1631 1901 1689 1939; x_wconf 88' lang='lat' dir='ltr'>IT</span> <span class='ocrx_word' id='word_1_242' title='bbox 1712 1914 1721 1923; x_wconf 91' lang='lat'><strong>·</strong></span> <span class='ocrx_word' id='word_1_243' title='bbox 1741 1901 1858 1941; x_wconf 88' lang='lat' dir='ltr'>PON</span> <span class='ocrx_word' id='word_1_244' title='bbox 1881 1918 1890 1927; x_wconf 92' lang='lat'><strong>·</strong></span> <span class='ocrx_word' id='word_1_245' title='bbox 1907 1904 1948 1941; x_wconf 96' lang='lat' dir='ltr'>M</span> <span class='ocrx_word' id='word_1_246' title='bbox 1967 1917 1975 1925; x_wconf 95' lang='lat'><strong>·</strong></span> <span class='ocrx_word' id='word_1_247' title='bbox 1997 1902 2072 1941; x_wconf 78' lang='grc' dir='ltr'>ΤΒ.</span> <span class='ocrx_word' id='word_1_248' title='bbox 2092 1917 2101 1927; x_wconf 85' lang='grc'><em>·</em></span> <span class='ocrx_word' id='word_1_249' title='bbox 2121 1902 2154 1942; x_wconf 88' lang='lat' dir='ltr'>P</span> <span class='ocrx_word' id='word_1_250' title='bbox 2177 1917 2186 1926; x_wconf 94' lang='lat'><strong>·</strong></span> 
     </span>
     <span class='ocr_line' id='line_1_24' title="bbox 378 1960 2184 2015; baseline 0.003 -15"><span class='ocrx_word' id='word_1_251' title='bbox 378 1961 482 2000; x_wconf 88' lang='lat' dir='ltr'>IMP</span> <span class='ocrx_word' id='word_1_252' title='bbox 526 1960 693 2011; x_wconf 85' lang='lat' dir='ltr'>(Eckhel</span> <span class='ocrx_word' id='word_1_253' title='bbox 723 1963 757 2011; x_wconf 84' lang='lat'>6,</span> <span class='ocrx_word' id='word_1_254' title='bbox 786 1962 877 2013; x_wconf 86' lang='lat'>238)</span> <span class='ocrx_word' id='word_1_255' title='bbox 919 1976 1005 2002; x_wconf 85' lang='lat' dir='ltr'>eum</span> <span class='ocrx_word' id='word_1_256' title='bbox 1047 1964 1110 2012; x_wconf 75' lang='lat' dir='ltr'>iis,</span> <span class='ocrx_word' id='word_1_257' title='bbox 1152 1965 1218 2015; x_wconf 87' lang='lat' dir='ltr'>qui</span> <span class='ocrx_word' id='word_1_258' title='bbox 1259 1964 1446 2002; x_wconf 83' lang='lat' dir='ltr'>exhibent</span> <span class='ocrx_word' id='word_1_259' title='bbox 1483 1964 1584 2004; x_wconf 84' lang='lat' dir='ltr'>COS</span> <span class='ocrx_word' id='word_1_260' title='bbox 1605 1978 1613 1986; x_wconf 95' lang='lat'><strong>·</strong></span> <span class='ocrx_word' id='word_1_261' title='bbox 1636 1965 1680 2002; x_wconf 93' lang='lat' dir='ltr'>II</span> <span class='ocrx_word' id='word_1_262' title='bbox 1702 1978 1709 1986; x_wconf 95' lang='lat'>·</span> <span class='ocrx_word' id='word_1_263' title='bbox 1732 1964 1846 2004; x_wconf 89' lang='lat' dir='ltr'>PON</span> <span class='ocrx_word' id='word_1_264' title='bbox 1868 1979 1876 1987; x_wconf 94' lang='lat'><strong>·</strong></span> <span class='ocrx_word' id='word_1_265' title='bbox 1896 1965 1940 2004; x_wconf 92' lang='lat' dir='ltr'><strong>M</strong></span> <span class='ocrx_word' id='word_1_266' title='bbox 1961 1979 1970 1988; x_wconf 92' lang='lat'><strong>·</strong></span> <span class='ocrx_word' id='word_1_267' title='bbox 1991 1965 2068 2004; x_wconf 76' lang='grc' dir='ltr'>ΤΒ.</span> <span class='ocrx_word' id='word_1_268' title='bbox 2086 1980 2096 1989; x_wconf 86' lang='grc'><em>·</em></span> <span class='ocrx_word' id='word_1_269' title='bbox 2118 1967 2152 2006; x_wconf 86' lang='grc' dir='ltr'>Ρ</span> <span class='ocrx_word' id='word_1_270' title='bbox 2175 1980 2184 1990; x_wconf 84' lang='grc'><em>·</em></span> 
     </span>
     <span class='ocr_line' id='line_1_25' title="bbox 378 2025 2186 2081; baseline 0.004 -19"><span class='ocrx_word' id='word_1_271' title='bbox 378 2025 475 2063; x_wconf 82' lang='grc' dir='ltr'>ΙΜΡ</span> <span class='ocrx_word' id='word_1_272' title='bbox 501 2037 510 2047; x_wconf 87' lang='grc'><em>·</em></span> <span class='ocrx_word' id='word_1_273' title='bbox 530 2025 562 2062; x_wconf 84' lang='grc' dir='ltr'>Ρ</span> <span class='ocrx_word' id='word_1_274' title='bbox 587 2039 595 2047; x_wconf 91' lang='grc'><em>·</em></span> <span class='ocrx_word' id='word_1_275' title='bbox 616 2025 648 2063; x_wconf 91' lang='lat' dir='ltr'>P</span> <span class='ocrx_word' id='word_1_276' title='bbox 679 2025 719 2074; x_wconf 93' lang='lat' dir='ltr'>(l.</span> <span class='ocrx_word' id='word_1_277' title='bbox 749 2037 781 2064; x_wconf 88' lang='lat' dir='ltr'>c.</span> <span class='ocrx_word' id='word_1_278' title='bbox 810 2027 916 2077; x_wconf 78' lang='lat'>239),</span> <span class='ocrx_word' id='word_1_279' title='bbox 943 2027 1186 2076; x_wconf 83' lang='lat' dir='ltr'>Borghesius</span> <span class='ocrx_word' id='word_1_280' title='bbox 1216 2027 1314 2076; x_wconf 67' lang='grc' dir='ltr'><strong>(αηη,</strong></span> <span class='ocrx_word' id='word_1_281' title='bbox 1344 2031 1424 2067; x_wconf 74' lang='lat' dir='ltr'>inst.</span> <span class='ocrx_word' id='word_1_282' title='bbox 1454 2029 1551 2067; x_wconf 78' lang='lat' dir='ltr'>arch.</span> <span class='ocrx_word' id='word_1_283' title='bbox 1587 2029 1684 2066; x_wconf 83' lang='lat'>1849</span> <span class='ocrx_word' id='word_1_284' title='bbox 1712 2041 1750 2078; x_wconf 85' lang='lat' dir='ltr'>p.</span> <span class='ocrx_word' id='word_1_285' title='bbox 1767 2030 1829 2076; x_wconf 88' lang='lat'>33,</span> <span class='ocrx_word' id='word_1_286' title='bbox 1857 2041 1949 2080; x_wconf 86' lang='lat' dir='ltr'>opp.</span> <span class='ocrx_word' id='word_1_287' title='bbox 1978 2031 2001 2068; x_wconf 86' lang='lat'>5</span> <span class='ocrx_word' id='word_1_288' title='bbox 2029 2042 2065 2080; x_wconf 91' lang='lat' dir='ltr'>p.</span> <span class='ocrx_word' id='word_1_289' title='bbox 2097 2029 2186 2081; x_wconf 86' lang='lat'>192)</span> 
     </span>
     <span class='ocr_line' id='line_1_26' title="bbox 380 2089 2186 2144; baseline 0.003 -17"><span class='ocrx_word' id='word_1_290' title='bbox 380 2089 540 2138; x_wconf 81' lang='lat' dir='ltr'>collegit</span> <span class='ocrx_word' id='word_1_291' title='bbox 566 2089 719 2127; x_wconf 88' lang='lat' dir='ltr'>ineunte</span> <span class='ocrx_word' id='word_1_292' title='bbox 749 2102 848 2128; x_wconf 83' lang='lat' dir='ltr'>anno</span> <span class='ocrx_word' id='word_1_293' title='bbox 876 2091 926 2129; x_wconf 82' lang='lat'>42</span> <span class='ocrx_word' id='word_1_294' title='bbox 955 2102 1040 2129; x_wconf 90' lang='lat' dir='ltr'>enm</span> <span class='ocrx_word' id='word_1_295' title='bbox 1068 2096 1220 2141; x_wconf 79' lang='lat' dir='ltr'>patrem</span> <span class='ocrx_word' id='word_1_296' title='bbox 1250 2092 1402 2142; x_wconf 75' lang='lat' dir='ltr'>patriae</span> <span class='ocrx_word' id='word_1_297' title='bbox 1436 2093 1676 2143; x_wconf 76' lang='lat' dir='ltr'>appellatum</span> <span class='ocrx_word' id='word_1_298' title='bbox 1719 2103 1806 2130; x_wconf 89' lang='lat' dir='ltr'>esse</span> <span class='ocrx_word' id='word_1_299' title='bbox 1852 2092 1902 2130; x_wconf 84' lang='lat' dir='ltr'>ad</span> <span class='ocrx_word' id='word_1_300' title='bbox 1943 2092 2186 2144; x_wconf 85' lang='lat' dir='ltr'>eundemque</span> 
     </span>
     <span class='ocr_line' id='line_1_27' title="bbox 377 2153 2186 2206; baseline 0.002 -16"><span class='ocrx_word' id='word_1_301' title='bbox 377 2164 519 2190; x_wconf 85' lang='lat' dir='ltr'>annum</span> <span class='ocrx_word' id='word_1_302' title='bbox 547 2153 742 2202; x_wconf 86' lang='lat' dir='ltr'>pertinere</span> <span class='ocrx_word' id='word_1_303' title='bbox 771 2154 924 2202; x_wconf 82' lang='lat' dir='ltr'>putavit</span> <span class='ocrx_word' id='word_1_304' title='bbox 951 2160 1041 2193; x_wconf 82' lang='lat' dir='ltr'>acta.</span> <span class='ocrx_word' id='word_1_305' title='bbox 1070 2155 1274 2193; x_wconf 77' lang='lat' dir='ltr'>Arvalium</span> <span class='ocrx_word' id='word_1_306' title='bbox 1303 2167 1361 2204; x_wconf 90' lang='lat' dir='ltr'>ea,</span> <span class='ocrx_word' id='word_1_307' title='bbox 1404 2155 1450 2193; x_wconf 92' lang='lat' dir='ltr'>de</span> <span class='ocrx_word' id='word_1_308' title='bbox 1480 2155 1621 2206; x_wconf 90' lang='lat' dir='ltr'>quibus</span> <span class='ocrx_word' id='word_1_309' title='bbox 1651 2155 1813 2204; x_wconf 86' lang='lat' dir='ltr'>agimus.</span> <span class='ocrx_word' id='word_1_310' title='bbox 1863 2154 1945 2195; x_wconf 90' lang='lat' dir='ltr'>Sed</span> <span class='ocrx_word' id='word_1_311' title='bbox 1973 2155 2074 2206; x_wconf 79' lang='lat' dir='ltr'>fugit</span> <span class='ocrx_word' id='word_1_312' title='bbox 2100 2167 2186 2195; x_wconf 87' lang='lat' dir='ltr'>eum</span> 
     </span>
     <span class='ocr_line' id='line_1_28' title="bbox 377 2216 2187 2267; baseline 0.002 -12"><span class='ocrx_word' id='word_1_313' title='bbox 377 2229 455 2255; x_wconf 87' lang='lat' dir='ltr'>non</span> <span class='ocrx_word' id='word_1_314' title='bbox 484 2216 657 2266; x_wconf 86' lang='lat' dir='ltr'>potuisse</span> <span class='ocrx_word' id='word_1_315' title='bbox 687 2217 900 2255; x_wconf 80' lang='lat' dir='ltr'>sacrificari</span> <span class='ocrx_word' id='word_1_316' title='bbox 929 2218 1041 2256; x_wconf 84' lang='lat' dir='ltr'>divae</span> <span class='ocrx_word' id='word_1_317' title='bbox 1056 2219 1265 2266; x_wconf 82' lang='lat' dir='ltr'>Augustae</span> <span class='ocrx_word' id='word_1_318' title='bbox 1295 2224 1385 2257; x_wconf 76' lang='lat' dir='ltr'>ante</span> <span class='ocrx_word' id='word_1_319' title='bbox 1408 2219 1495 2256; x_wconf 88' lang='lat' dir='ltr'>idus</span> <span class='ocrx_word' id='word_1_320' title='bbox 1512 2219 1732 2267; x_wconf 86' lang='lat' dir='ltr'>Ianuarias,</span> <span class='ocrx_word' id='word_1_321' title='bbox 1762 2231 1846 2257; x_wconf 90' lang='lat' dir='ltr'>cum</span> <span class='ocrx_word' id='word_1_322' title='bbox 1869 2219 2003 2257; x_wconf 85' lang='lat' dir='ltr'>eodem</span> <span class='ocrx_word' id='word_1_323' title='bbox 2033 2219 2187 2258; x_wconf 84' lang='lat' dir='ltr'>demum</span> 
     </span>
     <span class='ocr_line' id='line_1_29' title="bbox 381 2279 2185 2331; baseline 0.001 -13"><span class='ocrx_word' id='word_1_324' title='bbox 381 2292 481 2318; x_wconf 88' lang='lat' dir='ltr'>anno</span> <span class='ocrx_word' id='word_1_325' title='bbox 510 2284 600 2318; x_wconf 82' lang='lat' dir='ltr'>ante</span> <span class='ocrx_word' id='word_1_326' title='bbox 629 2279 730 2318; x_wconf 89' lang='lat' dir='ltr'>diem</span> <span class='ocrx_word' id='word_1_327' title='bbox 757 2280 865 2318; x_wconf 90' lang='lat' dir='ltr'>XVI</span> <span class='ocrx_word' id='word_1_328' title='bbox 896 2281 1086 2319; x_wconf 82' lang='lat' dir='ltr'>kalendas</span> <span class='ocrx_word' id='word_1_329' title='bbox 1114 2281 1351 2319; x_wconf 74' lang='lat' dir='ltr'>Februarias</span> <span class='ocrx_word' id='word_1_330' title='bbox 1383 2281 1496 2320; x_wconf 81' lang='lat' dir='ltr'>Livia</span> <span class='ocrx_word' id='word_1_331' title='bbox 1525 2285 1758 2321; x_wconf 85' lang='lat' dir='ltr'>consecrata</span> <span class='ocrx_word' id='word_1_332' title='bbox 1786 2282 1838 2320; x_wconf 85' lang='lat' dir='ltr'>sit</span> <span class='ocrx_word' id='word_1_333' title='bbox 1871 2282 1936 2331; x_wconf 85' lang='lat' dir='ltr'>(cf.</span> <span class='ocrx_word' id='word_1_334' title='bbox 1966 2284 2060 2321; x_wconf 81' lang='lat' dir='ltr'>acta</span> <span class='ocrx_word' id='word_1_335' title='bbox 2094 2294 2185 2321; x_wconf 87' lang='lat' dir='ltr'>con·</span> 
     </span>
     <span class='ocr_line' id='line_1_30' title="bbox 381 2343 2186 2395; baseline 0.002 -14"><span class='ocrx_word' id='word_1_336' title='bbox 381 2343 612 2381; x_wconf 77' lang='lat' dir='ltr'>sem-ationis</span> <span class='ocrx_word' id='word_1_337' title='bbox 630 2343 711 2380; x_wconf 90' lang='lat' dir='ltr'>eius</span> <span class='ocrx_word' id='word_1_338' title='bbox 729 2355 766 2392; x_wconf 92' lang='lat' dir='ltr'>p.</span> <span class='ocrx_word' id='word_1_339' title='bbox 780 2343 855 2393; x_wconf 85' lang='lat'>60).</span> <span class='ocrx_word' id='word_1_340' title='bbox 888 2344 1027 2395; x_wconf 86' lang='lat' dir='ltr'>Itaque</span> <span class='ocrx_word' id='word_1_341' title='bbox 1044 2356 1144 2395; x_wconf 85' lang='lat' dir='ltr'>quae</span> <span class='ocrx_word' id='word_1_342' title='bbox 1162 2344 1199 2381; x_wconf 92' lang='lat' dir='ltr'>in</span> <span class='ocrx_word' id='word_1_343' title='bbox 1217 2344 1315 2383; x_wconf 88' lang='lat' dir='ltr'>actis</span> <span class='ocrx_word' id='word_1_344' title='bbox 1334 2345 1534 2395; x_wconf 79' lang='lat' dir='ltr'>descripta</span> <span class='ocrx_word' id='word_1_345' title='bbox 1551 2350 1640 2383; x_wconf 85' lang='lat' dir='ltr'>sunt</span> <span class='ocrx_word' id='word_1_346' title='bbox 1668 2345 1860 2383; x_wconf 84' lang='lat' dir='ltr'>sacrificia</span> <span class='ocrx_word' id='word_1_347' title='bbox 1875 2346 2090 2395; x_wconf 81' lang='lat' dir='ltr'>Arvalium,</span> <span class='ocrx_word' id='word_1_348' title='bbox 2118 2357 2186 2385; x_wconf 82' lang='lat' dir='ltr'>an-</span> 
     </span>
     <span class='ocr_line' id='line_1_31' title="bbox 380 2406 2186 2459; baseline 0.002 -15"><span class='ocrx_word' id='word_1_349' title='bbox 380 2407 598 2444; x_wconf 77' lang='lat' dir='ltr'>niversaria</span> <span class='ocrx_word' id='word_1_350' title='bbox 625 2411 715 2445; x_wconf 88' lang='lat' dir='ltr'>sunt</span> <span class='ocrx_word' id='word_1_351' title='bbox 742 2406 921 2445; x_wconf 76' lang='lat' dir='ltr'>instituta</span> <span class='ocrx_word' id='word_1_352' title='bbox 950 2408 999 2446; x_wconf 91' lang='lat' dir='ltr'>ob</span> <span class='ocrx_word' id='word_1_353' title='bbox 1027 2407 1250 2445; x_wconf 84' lang='lat' dir='ltr'>memoriam</span> <span class='ocrx_word' id='word_1_354' title='bbox 1273 2407 1427 2446; x_wconf 77' lang='lat' dir='ltr'>Claudii</span> <span class='ocrx_word' id='word_1_355' title='bbox 1457 2408 1581 2458; x_wconf 85' lang='lat' dir='ltr'>patris</span> <span class='ocrx_word' id='word_1_356' title='bbox 1610 2408 1763 2458; x_wconf 81' lang='lat' dir='ltr'>patriae</span> <span class='ocrx_word' id='word_1_357' title='bbox 1784 2409 1976 2459; x_wconf 83' lang='lat' dir='ltr'>appellati</span> <span class='ocrx_word' id='word_1_358' title='bbox 2004 2414 2044 2448; x_wconf 81' lang='lat' dir='ltr'>et</span> <span class='ocrx_word' id='word_1_359' title='bbox 2061 2409 2186 2448; x_wconf 83' lang='lat' dir='ltr'>Iuliae</span> 
     </span>
     <span class='ocr_line' id='line_1_32' title="bbox 380 2469 2187 2523; baseline 0.002 -15"><span class='ocrx_word' id='word_1_360' title='bbox 380 2471 588 2518; x_wconf 76' lang='lat' dir='ltr'>Augustae</span> <span class='ocrx_word' id='word_1_361' title='bbox 616 2469 715 2506; x_wconf 87' lang='lat' dir='ltr'>iuter</span> <span class='ocrx_word' id='word_1_362' title='bbox 744 2469 855 2507; x_wconf 86' lang='lat' dir='ltr'>divos</span> <span class='ocrx_word' id='word_1_363' title='bbox 883 2476 1076 2520; x_wconf 82' lang='lat' dir='ltr'>receptae.</span> <span class='ocrx_word' id='word_1_364' title='bbox 1133 2471 1197 2508; x_wconf 87' lang='lat' dir='ltr'>Ex</span> <span class='ocrx_word' id='word_1_365' title='bbox 1226 2483 1387 2521; x_wconf 87' lang='lat' dir='ltr'>quorum</span> <span class='ocrx_word' id='word_1_366' title='bbox 1416 2471 1611 2509; x_wconf 85' lang='lat' dir='ltr'>mentione</span> <span class='ocrx_word' id='word_1_367' title='bbox 1647 2472 1740 2509; x_wconf 90' lang='lat' dir='ltr'>nihil</span> <span class='ocrx_word' id='word_1_368' title='bbox 1777 2472 1884 2510; x_wconf 81' lang='lat' dir='ltr'>aliud</span> <span class='ocrx_word' id='word_1_369' title='bbox 1912 2472 2088 2523; x_wconf 81' lang='lat' dir='ltr'>sequitur</span> <span class='ocrx_word' id='word_1_370' title='bbox 2114 2472 2187 2511; x_wconf 85' lang='lat' dir='ltr'>nisi</span> 
     </span>
     <span class='ocr_line' id='line_1_33' title="bbox 380 2533 2186 2584; baseline 0.003 -15"><span class='ocrx_word' id='word_1_371' title='bbox 380 2536 471 2570; x_wconf 83' lang='lat' dir='ltr'>ante</span> <span class='ocrx_word' id='word_1_372' title='bbox 501 2544 642 2570; x_wconf 83' lang='lat' dir='ltr'>annum</span> <span class='ocrx_word' id='word_1_373' title='bbox 671 2533 721 2570; x_wconf 84' lang='lat'>43</span> <span class='ocrx_word' id='word_1_374' title='bbox 751 2537 841 2571; x_wconf 81' lang='lat' dir='ltr'>acta</span> <span class='ocrx_word' id='word_1_375' title='bbox 868 2533 966 2572; x_wconf 85' lang='lat' dir='ltr'>haec</span> <span class='ocrx_word' id='word_1_376' title='bbox 995 2546 1069 2572; x_wconf 92' lang='lat' dir='ltr'>non</span> <span class='ocrx_word' id='word_1_377' title='bbox 1100 2545 1186 2572; x_wconf 88' lang='lat' dir='ltr'>esse</span> <span class='ocrx_word' id='word_1_378' title='bbox 1215 2539 1399 2582; x_wconf 86' lang='lat' dir='ltr'>exarata;</span> <span class='ocrx_word' id='word_1_379' title='bbox 1429 2535 1565 2572; x_wconf 81' lang='lat' dir='ltr'>eadem</span> <span class='ocrx_word' id='word_1_380' title='bbox 1593 2535 1814 2584; x_wconf 87' lang='lat' dir='ltr'>posteriora</span> <span class='ocrx_word' id='word_1_381' title='bbox 1848 2548 1925 2573; x_wconf 90' lang='lat' dir='ltr'>non</span> <span class='ocrx_word' id='word_1_382' title='bbox 1966 2547 2055 2574; x_wconf 84' lang='lat' dir='ltr'>esse</span> <span class='ocrx_word' id='word_1_383' title='bbox 2084 2547 2186 2574; x_wconf 80' lang='lat' dir='ltr'>anno</span> 
     </span>
    </p>
   </div>
   <div class='ocr_carea' id='block_1_5' title="bbox 379 2595 2187 2709">
    <p class='ocr_par' dir='ltr' id='par_1_6' title="bbox 379 2595 2187 2709">
     <span class='ocr_line' id='line_1_34' title="bbox 379 2595 2187 2651; baseline 0.004 -18"><span class='ocrx_word' id='word_1_384' title='bbox 379 2595 428 2634; x_wconf 84' lang='grc'>48</span> <span class='ocrx_word' id='word_1_385' title='bbox 459 2608 578 2645; x_wconf 85' lang='lat' dir='ltr'>supra</span> <span class='ocrx_word' id='word_1_386' title='bbox 607 2595 911 2634; x_wconf 86' lang='lat' dir='ltr'>demonstratum</span> <span class='ocrx_word' id='word_1_387' title='bbox 940 2604 1017 2635; x_wconf 85' lang='lat' dir='ltr'>est:</span> <span class='ocrx_word' id='word_1_388' title='bbox 1048 2597 1096 2637; x_wconf 88' lang='lat' dir='ltr'>cf.</span> <span class='ocrx_word' id='word_1_389' title='bbox 1125 2597 1175 2636; x_wconf 79' lang='lat' dir='ltr'>ad</span> <span class='ocrx_word' id='word_1_390' title='bbox 1205 2602 1293 2636; x_wconf 83' lang='lat' dir='ltr'>acta</span> <span class='ocrx_word' id='word_1_391' title='bbox 1325 2597 1465 2636; x_wconf 87' lang='lat' dir='ltr'>Claud.</span> <span class='ocrx_word' id='word_1_392' title='bbox 1510 2600 1558 2636; x_wconf 92' lang='lat' dir='ltr'>A.</span> <span class='ocrx_word' id='word_1_393' title='bbox 1598 2599 1658 2636; x_wconf 86' lang='lat' dir='ltr'>De</span> <span class='ocrx_word' id='word_1_394' title='bbox 1686 2598 1800 2637; x_wconf 86' lang='lat' dir='ltr'>titulo</span> <span class='ocrx_word' id='word_1_395' title='bbox 1830 2599 1951 2649; x_wconf 85' lang='lat' dir='ltr'>patris</span> <span class='ocrx_word' id='word_1_396' title='bbox 1979 2599 2131 2651; x_wconf 80' lang='lat' dir='ltr'>patriae</span> <span class='ocrx_word' id='word_1_397' title='bbox 2161 2611 2187 2640; x_wconf 85' lang='lat' dir='ltr'>a</span> 
     </span>
     <span class='ocr_line' id='line_1_35' title="bbox 385 2657 1082 2709; baseline 0.004 -13"><span class='ocrx_word' id='word_1_398' title='bbox 385 2657 555 2697; x_wconf 83' lang='lat' dir='ltr'>Claudio</span> <span class='ocrx_word' id='word_1_399' title='bbox 585 2664 749 2709; x_wconf 79' lang='lat' dir='ltr'>accepto</span> <span class='ocrx_word' id='word_1_400' title='bbox 777 2660 825 2698; x_wconf 90' lang='lat' dir='ltr'>cf.</span> <span class='ocrx_word' id='word_1_401' title='bbox 854 2660 930 2698; x_wconf 89' lang='lat' dir='ltr'>Dio</span> <span class='ocrx_word' id='word_1_402' title='bbox 959 2662 1019 2709; x_wconf 84' lang='lat'>60,</span> <span class='ocrx_word' id='word_1_403' title='bbox 1048 2662 1082 2699; x_wconf 89' lang='lat'>3.</span> 
     </span>
    </p>
   </div>
   <div class='ocr_carea' id='block_1_6' title="bbox 763 2803 1798 2856">
    <p class='ocr_par' dir='ltr' id='par_1_7' title="bbox 763 2803 1798 2856">
     <span class='ocr_line' id='line_1_36' title="bbox 763 2803 1798 2856; baseline 0.004 -11"><span class='ocrx_word' id='word_1_404' title='bbox 763 2803 791 2845; x_wconf 81' lang='lat' dir='ltr'>f.</span> <span class='ocrx_word' id='word_1_405' title='bbox 852 2803 924 2846; x_wconf 90' lang='lat' dir='ltr'>OB</span> <span class='ocrx_word' id='word_1_406' title='bbox 957 2805 1191 2848; x_wconf 86' lang='lat' dir='ltr'>COMITIA</span> <span class='ocrx_word' id='word_1_407' title='bbox 1225 2804 1504 2856; x_wconf 82' lang='lat' dir='ltr'>QUAEDAM</span> <span class='ocrx_word' id='word_1_408' title='bbox 1536 2805 1798 2849; x_wconf 86' lang='lat' dir='ltr'>INCERTA.</span> 
     </span>
    </p>
   </div>
   <div class='ocr_carea' id='block_1_7' title="bbox 383 2928 2189 3322">
    <p class='ocr_par' dir='ltr' id='par_1_8' title="bbox 383 2928 2189 3322">
     <span class='ocr_line' id='line_1_37' title="bbox 383 2928 2185 2989; baseline 0.003 -19"><span class='ocrx_word' id='word_1_409' title='bbox 383 2928 437 2971; x_wconf 82' lang='lat'>69</span> <span class='ocrx_word' id='word_1_410' title='bbox 850 2932 991 2983; x_wconf 80' lang='lat' dir='ltr'>fracto</span> <span class='ocrx_word' id='word_1_411' title='bbox 1023 2932 1161 2985; x_wconf 76' lang='lat' dir='ltr'>lapide</span> <span class='ocrx_word' id='word_1_412' title='bbox 1190 2934 1487 2974; x_wconf 77' lang='lat' dir='ltr'>interciderunt</span> <span class='ocrx_word' id='word_1_413' title='bbox 1516 2935 1653 2973; x_wconf 75' lang='lat' dir='ltr'>omnia</span> <span class='ocrx_word' id='word_1_414' title='bbox 1684 2935 1867 2986; x_wconf 75' lang='lat' dir='ltr'>exceptis</span> <span class='ocrx_word' id='word_1_415' title='bbox 1905 2935 2050 2976; x_wconf 78' lang='lat' dir='ltr'>litteris</span> <span class='ocrx_word' id='word_1_416' title='bbox 2082 2948 2185 2989; x_wconf 81' lang='lat' dir='ltr'>quae</span> 
     </span>
     <span class='ocr_line' id='line_1_38' title="bbox 904 3000 2188 3059; baseline 0.004 -18"><span class='ocrx_word' id='word_1_417' title='bbox 904 3008 999 3042; x_wconf 80' lang='lat' dir='ltr'>sunt</span> <span class='ocrx_word' id='word_1_418' title='bbox 1021 3000 1090 3057; x_wconf 82' lang='lat' dir='ltr'>[ob</span> <span class='ocrx_word' id='word_1_419' title='bbox 1114 3000 1312 3059; x_wconf 81' lang='lat' dir='ltr'>com]itia‚</span> <span class='ocrx_word' id='word_1_420' title='bbox 1346 3015 1449 3055; x_wconf 82' lang='lat' dir='ltr'>quae</span> <span class='ocrx_word' id='word_1_421' title='bbox 1470 3008 1602 3042; x_wconf 79' lang='lat' dir='ltr'>utrum</span> <span class='ocrx_word' id='word_1_422' title='bbox 1632 3003 1688 3043; x_wconf 83' lang='lat' dir='ltr'>ad</span> <span class='ocrx_word' id='word_1_423' title='bbox 1718 3003 1977 3044; x_wconf 76' lang='lat' dir='ltr'>tribuniciam</span> <span class='ocrx_word' id='word_1_424' title='bbox 2012 3010 2188 3056; x_wconf 84' lang='lat' dir='ltr'>potesta-</span> 
     </span>
     <span class='ocr_line' id='line_1_39' title="bbox 906 3072 2189 3126; baseline 0.002 -15"><span class='ocrx_word' id='word_1_425' title='bbox 906 3076 995 3118; x_wconf 82' lang='lat' dir='ltr'>tem,</span> <span class='ocrx_word' id='word_1_426' title='bbox 1027 3084 1081 3112; x_wconf 82' lang='lat' dir='ltr'>an</span> <span class='ocrx_word' id='word_1_427' title='bbox 1111 3073 1168 3112; x_wconf 87' lang='lat' dir='ltr'>ad</span> <span class='ocrx_word' id='word_1_428' title='bbox 1198 3073 1452 3112; x_wconf 78' lang='lat' dir='ltr'>consulatum</span> <span class='ocrx_word' id='word_1_429' title='bbox 1466 3074 1796 3126; x_wconf 73' lang='lat' dir='ltr'>pontificatumve</span> <span class='ocrx_word' id='word_1_430' title='bbox 1816 3077 1995 3125; x_wconf 80' lang='lat' dir='ltr'>spectent</span> <span class='ocrx_word' id='word_1_431' title='bbox 2027 3072 2189 3126; x_wconf 77' lang='lat' dir='ltr'>definiri</span> 
     </span>
     <span class='ocr_line' id='line_1_40' title="bbox 903 3141 2187 3194; baseline 0.002 -14"><span class='ocrx_word' id='word_1_432' title='bbox 903 3142 1052 3193; x_wconf 78' lang='lat' dir='ltr'>nequit.</span> <span class='ocrx_word' id='word_1_433' title='bbox 1116 3141 1174 3182; x_wconf 87' lang='lat' dir='ltr'>Ob</span> <span class='ocrx_word' id='word_1_434' title='bbox 1218 3142 1394 3194; x_wconf 86' lang='lat' dir='ltr'>formam</span> <span class='ocrx_word' id='word_1_435' title='bbox 1440 3146 1573 3182; x_wconf 81' lang='lat' dir='ltr'>tamen</span> <span class='ocrx_word' id='word_1_436' title='bbox 1619 3143 1846 3183; x_wconf 74' lang='lat' dir='ltr'>litterarum</span> <span class='ocrx_word' id='word_1_437' title='bbox 1887 3142 1944 3181; x_wconf 85' lang='lat' dir='ltr'>ad</span> <span class='ocrx_word' id='word_1_438' title='bbox 1989 3141 2187 3182; x_wconf 73' lang='lat' dir='ltr'>Vitellium</span> 
     </span>
     <span class='ocr_line' id='line_1_41' title="bbox 907 3210 2188 3264; baseline 0.001 -14"><span class='ocrx_word' id='word_1_439' title='bbox 907 3215 1169 3264; x_wconf 77' lang='lat' dir='ltr'>actorumque</span> <span class='ocrx_word' id='word_1_440' title='bbox 1216 3211 1316 3250; x_wconf 81' lang='lat' dir='ltr'>anni</span> <span class='ocrx_word' id='word_1_441' title='bbox 1359 3210 1414 3251; x_wconf 89' lang='lat'>69</span> <span class='ocrx_word' id='word_1_442' title='bbox 1465 3211 1645 3251; x_wconf 77' lang='lat' dir='ltr'>tabulam</span> <span class='ocrx_word' id='word_1_443' title='bbox 1696 3213 1868 3252; x_wconf 80' lang='lat' dir='ltr'>alteram</span> <span class='ocrx_word' id='word_1_444' title='bbox 1915 3211 2188 3263; x_wconf 72' lang='lat' dir='ltr'>fraymentum</span> 
     </span>
     <span class='ocr_line' id='line_1_42' title="bbox 907 3281 1057 3322; baseline -0.007 -2"><span class='ocrx_word' id='word_1_445' title='bbox 907 3281 1057 3322; x_wconf 76' lang='lat' dir='ltr'>rettuli.</span> 
     </span>
    </p>
   </div>
   <div class='ocr_carea' id='block_1_8' title="bbox 2290 0 2340 1067">
    <p class='ocr_par' dir='ltr' id='par_1_9' title="bbox 2290 0 2340 1067">
     <span class='ocr_line' id='line_1_43' title="bbox 2290 0 2340 1067; baseline 0 0"><span class='ocrx_word' id='word_1_446' title='bbox 2290 0 2340 1067; x_wconf 95' lang='lat' dir='ltr'> </span> 
     </span>
    </p>
   </div>
  </div>
 </body>
</html>
