2340 3658
330 211 383 254 14
1054 209 1161 245 Sacri
1186 207 1278 245 deae
1304 208 1399 245 Diae

325 341 366 378 et
391 338 431 378 in
459 338 556 377 actis
583 338 790 377 Arvalium
818 337 866 376 de
895 349 1009 376 sacro
1038 337 1119 376 sive
1147 336 1374 389 incipiendo
1402 336 1483 375 sive
1503 335 1706 376 initiando.
1760 335 1835 375 Die
1861 337 1981 388 igitur
2007 338 2132 389 primo

327 402 442 452 sacri,
470 405 679 451 antequam
705 405 791 440 ture
820 413 866 439 ac
893 401 983 440 vino
1011 401 1152 440 fratres
1174 401 1361 450 facerent,
1389 399 1577 450 magister
1604 400 1666 438 vel
1693 402 1956 451 promagister
1981 400 2138 440 videtur

323 466 416 504 item
443 469 527 503 ture
557 469 597 503 ct
625 464 712 502 vino
728 464 882 512 fecisse,
912 475 1012 514 quae
1033 464 1211 514 operatio
1230 476 1317 503 cum
1336 464 1456 503 totius
1478 463 1581 503 sacri
1599 474 1677 501 non
1697 468 1804 503 esset
1822 465 1898 503 nisi
1917 463 2140 513 exordium,

325 528 364 566 in
405 528 499 566 solis
539 527 639 566 actis
668 539 701 565 a.
731 527 804 564 241
835 530 1179 576 commemoratur,
1213 527 1253 565 in
1293 527 1392 566 actis
1419 539 1454 566 a.
1484 528 1558 566 218
1594 526 1653 564 ita
1686 525 1950 577 significatur,
1985 530 2027 566 ut
2065 539 2136 578 per

322 594 604 642 promayistrum
632 590 774 629 fratres
804 590 947 629 fecisse
984 590 1175 628 dicantur.
1229 590 1291 629 De
1326 595 1413 629 ture
1449 594 1579 629 autem
1613 594 1653 628 et
1685 589 1777 628 vino
1815 590 1868 629 ad
1903 590 2136 630 sacrificium

323 654 509 693 adhibitis
539 654 710 692 dicemus
738 653 858 703 infra,
888 653 955 691 ubi
984 652 1032 691 de
1061 651 1263 691 sacrificiis
1292 654 1343 692 ob
1373 658 1466 692 vota
1494 665 1624 692 annua
1650 652 1767 691 factis
1795 653 1955 693 uberius
1983 658 2134 704 agetur.

323 717 522 767 Deinceps
564 717 752 766 magister
788 721 1000 767 postquam
1042 720 1127 754 ture
1170 720 1209 755 et
1248 717 1338 755 vino
1378 716 1491 766 fecit,
1532 715 1668 765 fruges
1704 716 1898 765 contingit
1930 728 2136 768 panesque

324 781 541 819 laureatos:
570 779 625 818 ita
653 780 754 818 enim
789 780 936 819 hiatum
971 779 1206 830 explendum
1243 792 1330 819 esse
1364 781 1597 819 confirmant
1630 790 1678 817 ea
1712 790 1813 829 quae
1850 778 1899 817 de
1936 779 2140 819 sacrificiis

326 845 496 894 ipsorum
526 842 689 881 fratrum
717 848 935 882 narrantur.
991 842 1169 882 Verbum
1204 843 1461 892 contingendi
1495 842 1534 880 in
1562 842 1669 881 cultu
1698 841 1796 881 deae
1822 842 1924 880 Diae
1954 842 2140 882 sollemne

324 911 394 955 cst,
423 906 643 956 fratresque
673 906 853 944 dicuntur
873 906 1089 955 contigisse
1109 909 1240 957 fruges
1267 909 1396 945 aridas
1423 913 1455 944 et
1480 907 1628 952 virides,
1650 906 1783 955 pultes,
1811 918 1911 952 aras,
1939 909 2142 945 tuscanicae

327 970 391 1021 (cf.
422 973 513 1008 acta
540 969 617 1008 diei
653 968 815 1008 secundi
852 974 891 1008 et
923 969 1031 1008 tertii
1064 974 1104 1009 et
1129 970 1316 1009 Marinius
1346 983 1383 1021 p.
1406 968 1512 1020 396).
1567 968 1768 1018 Frugibus
1796 972 1926 1007 autem
1952 969 1992 1007 in
2018 969 2142 1009 sacris

321 1032 565 1083 potissimum
607 1033 881 1072 vetustissimis
934 1032 1008 1071 diis
1060 1033 1323 1072 sacrificatum
1374 1045 1463 1072 esse
1504 1031 1626 1071 tradit
1666 1031 1820 1070 Plinius
1861 1031 1912 1083 (iz.
1941 1032 1974 1070 h.
2022 1033 2082 1082 18,
2102 1031 2141 1083 ⁷)

322 1096 493 1135 Numam
516 1096 690 1134 scribens
718 1096 936 1135 instituisse
964 1096 1079 1145 fruge
1110 1096 1206 1135 deos
1235 1097 1363 1135 colere
1392 1097 1512 1147 (Plut.
1542 1097 1655 1134 Num.
1673 1097 1717 1144 83
1745 1095 1908 1146 Dionys,
1937 1096 1973 1146 2,
1994 1093 2061 1144 765
2090 1096 2140 1135 cf.

322 1158 563 1208 Marquardt
590 1160 636 1197 R.
660 1160 705 1198 A.
732 1161 758 1197 4
784 1172 822 1209 p.
840 1160 892 1197 44
919 1163 959 1198 et
986 1158 1090 1209 467).
1146 1159 1279 1198 Panes
1321 1160 1489 1199 laureati
1530 1171 1611 1198 non
1652 1159 1771 1209 plane
1810 1158 1936 1208 liquet
1962 1170 2139 1209 panesne

324 1223 467 1260 fuerint
494 1222 636 1260 laureis
665 1222 852 1272 redimiti,
882 1234 932 1261 an
970 1234 1070 1272 quos
1109 1222 1323 1273 descripsit
1351 1223 1451 1262 Cato
1479 1223 1528 1272 (r.
1548 1236 1579 1261 r.
1609 1223 1671 1272 12)
1693 1235 1812 1273 panes
1836 1224 2021 1269 mustacea,
2047 1235 2141 1261 inus-

326 1292 443 1323 taeeos
470 1284 603 1323 dicens
632 1288 684 1323 sic
702 1287 844 1335 facito:
870 1288 1027 1335 farinae
1053 1287 1241 1336 siliqineae
1266 1287 1428 1323 modium
1446 1299 1558 1324 unum
1576 1292 1689 1324 musto
1718 1286 1958 1335 conspergito,
1987 1286 2141 1331 anisum,

325 1350 517 1393 cuminum,
546 1349 667 1398 adipis
688 1362 729 1398 p.
758 1351 797 1395 ii,
827 1351 922 1386 casei
950 1349 1083 1386 libram
1112 1356 1146 1386 et
1172 1350 1215 1387 de
1241 1352 1350 1399 virya
1378 1351 1477 1387 lauri
1505 1350 1686 1396 deradito,
1714 1350 1838 1387 eodem
1857 1348 2004 1386 addito:
2033 1354 2066 1386 et
2080 1348 2142 1385 ubi

326 1414 526 1461 defimoeris,
553 1413 652 1449 lauri
660 1413 763 1461 solia
790 1413 912 1450 subtus
940 1414 1082 1458 addite,
1111 1425 1191 1450 eum
1219 1423 1370 1461 coque85
1398 1412 1446 1450 cf.
1476 1413 1599 1451 Retaz.
1626 1424 1663 1462 p.
1683 1413 1732 1451 55
1761 1415 1801 1450 et
1826 1410 1969 1450 Marini
1995 1423 2034 1461 p.
2053 1411 2139 1450 526.

320 1475 526 1514 Eiusmodi
565 1486 689 1525 panes
740 1476 864 1514 altero
914 1487 1070 1526 quoque
1121 1475 1182 1513 die
1225 1480 1600 1526 commemorantur,
1646 1475 1764 1514 iidem
1804 1474 1999 1523 fortasse,
2041 1485 2139 1524 quos

322 1539 492 1577 Arvales
522 1537 703 1577 dicuntur
731 1540 961 1588 contigisse,
990 1539 1013 1576 i.
1041 1550 1073 1577 e.
1103 1550 1374 1588 consecrasse,
1403 1539 1454 1577 cf.
1484 1543 1575 1578 acta
1602 1538 1680 1577 diei
1708 1538 1880 1578 alterius.
1908 1559 1959 1566 —
1984 1536 2140 1576 Deinde

323 1602 436 1641 deam
476 1602 591 1640 Diam
632 1602 892 1651 unguentavit
931 1603 1120 1652 magister
1160 1603 1222 1640 vel
1257 1602 1534 1653 promagister.
1590 1603 1652 1642 De
1685 1603 1762 1641 ritu
1797 1600 1997 1651 unguendi
2025 1600 2141 1649 signa

323 1665 484 1703 deorum
512 1666 626 1715 plura
654 1665 815 1714 collegit
841 1666 1031 1705 Marinius
1062 1665 1115 1716 (p.
1136 1667 1246 1715 394),
1285 1665 1455 1705 laudatis
1491 1666 1739 1717 potissimum
1772 1665 1951 1705 versibus
1989 1662 2138 1702 Tibulli

321 1729 373 1780 (2,
391 1729 427 1778 2,
448 1727 487 1779 3)
517 1728 581 1779 qui
610 1732 700 1766 sunt
729 1728 777 1767 de
806 1728 950 1778 genio:

589 1794 666 1841 ipse
692 1804 777 1830 suos
801 1795 928 1842 ²(Jenius
957 1794 1054 1830 adsit
1076 1795 1221 1831 visurus
1248 1792 1413 1838 honores,

654 1860 712 1894 eui
740 1858 910 1895 decorent
937 1863 1083 1895 sanctas
1109 1857 1238 1894 mollia
1264 1864 1360 1894 serta
1388 1867 1521 1894 comas.

587 1921 685 1958 illius
706 1934 805 1970 puro
836 1921 1013 1958 destillent
1038 1926 1204 1970 tempora
1230 1920 1351 1958 nardo

675 1989 785 2033 atque
811 1991 915 2022 satur
943 1985 1015 2021 libo
1043 1986 1099 2032 sit,
1127 1985 1346 2033 madeatque
1370 1995 1469 2021 mero
1477 1996 1491 2029 ,-

316 2048 410 2086 itcm
437 2047 483 2086 iis
513 2058 613 2097 quae
650 2046 698 2085 de
735 2047 868 2086 Diana
903 2046 1131 2097 Segestana
1165 2053 1300 2086 narrat
1336 2046 1478 2086 Cicero
1509 2047 1637 2092 (Verr.
1666 2048 1703 2094 4,
1723 2048 1812 2095 35):
1849 2048 1939 2097 quid
1970 2048 2038 2086 hoc
2066 2054 2143 2086 tota

316 2112 446 2150 Sicilia
472 2118 522 2149 est
550 2112 688 2148 clarius
716 2123 823 2160 qaam
849 2124 968 2149 omnes
989 2111 1204 2161 &statariae
1222 2117 1413 2149 matronas
1434 2116 1466 2148 et
1482 2112 1640 2161 virgines
1659 2113 1877 2157 convenisse,
1904 2123 1985 2149 ewm
2012 2111 2144 2149 Diana

318 2181 570 2225 exportaretur
583 2190 625 2214 ae
646 2176 809 2227 oppido?
823 2177 966 2213 unxisse
985 2176 1196 2224 unquentis?
1223 2174 1416 2224 complesse
1438 2176 1584 2211 coronis
1603 2174 1827 2223 etfloribus?
1854 2178 1928 2212 cet.
1957 2171 2143 2212 Similiter

320 2242 490 2277 statuam
517 2238 642 2289 ipsius
672 2240 820 2278 amicos
849 2239 1030 2277 hortatur
1056 2236 1186 2275 Ursus
1213 2241 1257 2275 ut
1292 2240 1456 2275 onerent
1496 2235 1657 2275 floribus
1682 2237 1853 2286 folioque
1883 2237 1994 2275 multo
2023 2237 2142 2286 adque

319 2309 495 2352 impacato
523 2304 690 2340 marcido
721 2302 805 2353 (Or.
836 2301 973 2351 2591),
1015 2302 1235 2351 lapidesque
1276 2302 1455 2350 esfiyiatos
1488 2305 1615 2337 unctos
1657 2305 1690 2336 et
1725 2305 1918 2338 coronatos
1950 2303 2139 2339 memorat

323 2365 522 2403 Minucius
550 2365 667 2403 Felix
688 2365 744 2415 (3)
778 2370 817 2405 et
832 2364 1019 2404 terminos
1054 2369 1234 2414 unquento
1253 2364 1561 2412 velaminibusque
1580 2369 1612 2400 et
1640 2365 1785 2401 coronis
1813 2366 2021 2401 coronatos
2050 2374 2138 2401 esse

323 2428 446 2469 tradit
474 2427 629 2468 Siculus
661 2428 837 2467 Flaccus
875 2428 935 2479 (de
962 2429 1101 2466 condic.
1131 2439 1257 2476 a9ror.
1288 2438 1326 2476 p.
1353 2427 1438 2474 141,
1467 2428 1489 2464 6
1518 2426 1578 2466 ed.
1598 2425 1791 2476 Lachm.).
1835 2447 1887 2455 —
1931 2425 2139 2466 Absolutis

324 2505 349 2530 a
365 2492 557 2541 magistro
577 2491 637 2529 his
660 2491 907 2530 caerimoniis
930 2491 1110 2539 collegae
1131 2493 1171 2528 et
1189 2490 1269 2540 ipsi
1288 2495 1374 2528 ture
1395 2492 1435 2528 et
1453 2490 1543 2528 vino
1563 2490 1742 2528 fecerunt
1760 2489 2032 2540 contactisque
2046 2488 2141 2527 item

320 2555 499 2605 frugibus
543 2554 734 2593 viridibus
777 2554 975 2604 aridisque
1016 2554 1268 2604 panibusque
1312 2553 1501 2592 laureatis
1541 2557 1580 2592 et
1617 2552 1694 2591 dea
1728 2557 1847 2592 uncta
1872 2553 1913 2590 in
1942 2551 2139 2591 cathedris

322 2618 585 2657 consederunt
615 2617 743 2656 ornati
763 2618 994 2668 praetextis.

422 2681 483 2719 De
518 2681 794 2720 cathedrarum
830 2682 956 2719 forma
992 2684 1032 2719 et
1066 2692 1139 2718 usu
1175 2679 1222 2718 cf.
1252 2679 1490 2730 Marquardt
1515 2680 1590 2718 l.c.
1611 2681 1634 2719 5
1661 2691 1698 2730 p.
1721 2678 1818 2727 3173
1855 2678 1902 2717 de
1931 2679 2141 2728 praetexta

320 2744 569 2783 sacerdotum
590 2744 779 2783 maiorum
794 2744 1018 2783 Mommsen
1038 2742 1263 2783 Staatsrecht
1280 2754 1318 2793 p.
1337 2743 1424 2792 339,
1442 2742 1507 2793 qui
1528 2743 1756 2782 sacerdotes
1777 2741 1952 2782 ostendit
1971 2743 2139 2791 excepto

320 2807 475 2846 flamine
503 2807 611 2846 Diali
645 2806 826 2857 (Servius
866 2808 920 2847 ad
948 2810 1049 2846 Aen.
1079 2808 1115 2856 8,
1135 2805 1227 2857 552)
1265 2818 1343 2844 non
1375 2818 1529 2857 semper
1558 2810 1831 2858 praetextatos
1863 2803 2058 2856 prodiisse
2097 2805 2141 2842 ut

320 2869 594 2920 magistratus,
632 2870 703 2909 sed
744 2874 920 2921 tempore
955 2874 1107 2909 tantum
1143 2868 1324 2908 sacrificii
1365 2874 1612 2920 praetextam
1640 2871 1824 2920 gessisse.
1881 2869 2138 2907 Praetextam

321 2934 493 2985 peractis
515 2933 760 2972 caerimoniis
783 2934 916 2973 statim
947 2934 1220 2984 deponebant,
1256 2932 1297 2970 id
1325 2933 1430 2983 quod
1466 2933 1592 2972 redire
1621 2933 1839 2973 videbimus
1866 2931 1906 2970 in
1934 2929 2033 2969 actis
2061 2928 2139 2968 diei

324 2997 487 3037 secundi
515 3001 554 3035 et
581 2996 696 3035 tertii.
752 2997 819 3036 Ita
845 3000 1009 3047 peracta
1038 3001 1099 3035 est
1126 2995 1448 3035 caerimoniarum
1486 2997 1599 3036 huius
1636 2996 1713 3035 diei
1748 3006 1841 3046 pars
1874 2994 2001 3045 prior,
2034 3003 2136 3043 quae

323 3062 362 3099 in
398 3061 498 3100 actis
540 3070 726 3098 annorum
769 3061 1031 3110 antiquiorum
1072 3059 1315 3110 significatur
1361 3061 1491 3100 verbis
1526 3063 1670 3111 fratres
1704 3060 1860 3096 Arvales
1900 3061 2140 3095 convenerant

324 3125 443 3174 ibique
464 3127 682 3174 praetextati
715 3126 934 3174 sacrificium
974 3126 1062 3162 deae
1097 3124 1195 3161 Diae
1222 3129 1300 3160 ture
1327 3126 1411 3161 vino
1432 3125 1602 3174 jecerunt
1630 3123 1720 3173 (120
1745 3122 1815 3160 155
1834 3123 1875 3159 et
1893 3119 2030 3171 paullo
2050 3118 2136 3156 bre-

325 3187 411 3226 vius
441 3188 512 3225 105
543 3185 613 3225 117
646 3188 716 3225 118
748 3187 855 3237 122),
896 3198 1058 3237 quorum
1093 3187 1182 3224 loco
1216 3185 1256 3223 in
1285 3186 1384 3224 actis
1414 3198 1447 3224 a.
1469 3187 1514 3224 81
1547 3190 1637 3224 sunt
1662 3185 1784 3224 verba
1820 3183 1969 3222 hiantia
2008 3183 2136 3232 colleqi

318 3252 485 3301 fratrum
507 3250 700 3287 Arvalium
725 3253 945 3300 sacrificium
965 3251 1064 3300 quod
1080 3255 1290 3299 conceptum
1308 3255 1359 3287 est
1369 3261 1440 3299 per
1467 3251 1679 3299 maffistrum
1705 3254 1737 3286 et
1763 3253 1895 3285 ceteros
1919 3245 2135 3284 sacerdotes.

429 3311 679 3362 Sequebatur
704 3326 798 3364 pars
828 3313 954 3354 altera
981 3317 1073 3364 post
1102 3311 1320 3361 meridiem,
1357 3313 1396 3351 in
1425 3325 1503 3364 qua
1531 3323 1608 3362 quo
1634 3310 1748 3351 modo
1778 3309 1923 3351 versati
1951 3309 2028 3348 sint
2055 3307 2132 3346 Ar-
