2340 3658
352 170 413 196 XII
1156 149 1370 186 Exordium.

354 270 543 325 lapidem
583 268 778 322 quintum
816 267 887 309 via
925 266 1145 321 Campana
1170 267 1221 322 ¹),
1269 280 1398 320 quam
1430 266 1690 323 Biondius2)
1729 265 2038 309 demonstravit
2080 279 2174 309 esse

356 352 469 391 eam,
517 350 627 390 quae
675 341 795 377 extra
837 340 1003 389 portam
1045 336 1323 377 Portuensem
1361 336 1512 377 relicta
1552 336 1641 390 via,
1690 348 1800 390 quae
1846 349 1958 377 nune
2002 336 2175 376 Portum

359 407 496 460 ‹hu-it,
530 405 782 457 Tiberisque
822 404 958 458 ripam
997 417 1179 457 sequens
1212 404 1407 458 pervenit
1438 403 1493 444 ad
1526 408 1712 445 veterem
1745 405 1893 446 villam
1914 405 2173 460 pontifieum,

356 476 423 516 eui
466 487 618 515 nomen
651 477 714 514 est
746 475 787 513 Ια
819 473 1042 525 Maylz'cma.
1105 472 1230 514 Cirea
1259 472 1385 514 buius
1418 472 1513 513 viae
1545 471 1731 526 lapidem
1764 472 1958 525 quintum
1990 487 2039 515 eo
2079 474 2174 529 ipso

355 544 462 597 loeo,
502 555 584 594 quo
624 541 697 582 via
738 540 878 582 ferrea
917 540 1297 581 Centumcellensis
1339 540 1451 581 viam
1491 539 1709 594 publicam
1747 541 1916 595 transit,
1949 541 2078 584 vinea
2108 546 2173 584 est

361 609 715 653 Ceeearelliorum
749 608 945 661 fratrum,
979 607 1051 649 ubi
1085 612 1251 648 constat
1283 607 1415 648 fuisse
1447 608 1587 649 lucum
1619 608 1857 650 Arvalium.
1890 610 1955 652 Ibi
1987 611 2175 665 exeeptis

356 681 506 735 paneis
538 677 790 731 fragmentis
814 677 857 718 in
880 677 984 717 urbe
1006 676 1073 718 vel
1097 676 1138 716 in
1163 676 1428 717 eoe111eteriis
1451 675 1778 717 ebristianorum
1809 678 1989 732 repertis
2017 677 2176 720 effossa

356 749 554 792 videntur
576 761 671 788 esse
693 745 837 786 omnia
859 757 969 798 quae
1001 748 1231 798 supersunt
1261 757 1406 785 eorum
1429 748 1714 785 monumenta.
1747 744 1800 786 Et
1821 745 1982 799 primus
2003 745 2175 799 quidem

358 817 496 859 Aldus
529 814 744 856 Manutius
766 813 798 867 ³)
837 826 943 865 quas
976 813 1106 854 refert
1137 816 1295 867 septem
1330 811 1456 853 bases
1488 815 1723 853 statuarum
1757 813 2060 868 imperatorum
2093 813 2175 855 fra-

356 890 464 926 trum
489 883 722 936 Arvalium,
756 895 830 922 eas
852 881 997 922 seribit
1019 883 1060 921 in
1082 895 1184 933 ayt-0
1207 882 1390 921 Fabricii
1411 882 1579 921 Galletti
1598 884 1787 933 proxime
1802 889 1989 935 repertas
2010 884 2117 923 1570
2129 882 2174 937 ⁴).

358 954 421 994 Ex
460 952 523 993 bis
562 965 647 992 una
683 949 842 1002 legitur
881 948 1101 1003 adseripta
1140 949 1196 990 ad
1235 948 1462 1002 imaginem
1505 949 1547 990 in
1587 948 1733 991 eodiee
1772 950 1907 991 musei
1940 939 2174 991 Florentini

359 1025 572 1063 servatam
611 1018 835 1060 aedieulae
874 1016 1093 1058 cuiusdam
1132 1016 1353 1071 antiquae,
1394 1028 1504 1070 quae
1545 1017 1729 1058 traditur
1759 1018 1901 1071 „fuisse
1932 1020 2003 1059 via
2033 1020 2175 1060 Portu-

359 1092 446 1130 ensi
484 1090 540 1129 ad
573 1094 762 1141 quartum
799 1088 1025 1127 milico-imm
1046 1084 1090 1138 ⁵).
1151 1084 1205 1125 Et
1236 1084 1289 1125 de
1320 1084 1508 1138 imagine
1543 1085 1617 1126 illa
1647 1089 1800 1140 postea
1829 1086 2044 1140 agendum
2076 1086 2175 1128 erit:

337 1146 427 1199 'bie
449 1157 604 1198 suffieit
626 1154 924 1196 observavisse
947 1152 1114 1193 eollatis
1136 1152 1278 1194 verbis
1301 1152 1356 1193 ad
1379 1165 1473 1194 eam
1496 1153 1713 1195 adnotatis
1745 1154 1974 1208 verbisque
1995 1153 2176 1196 Manutii

361 1231 488 1267 antea
511 1223 653 1265 allatis
677 1236 828 1275 agrum
852 1220 1042 1263 Gallettii
1066 1225 1262 1262 eonstare
1285 1219 1401 1274 apud
1424 1225 1620 1273 quartum
1644 1221 1830 1276 lapidem
1853 1222 1951 1264 viae
1973 1223 2176 1264 Portuen—

363 1294 421 1334 sis
441 1293 565 1334 situm
585 1291 730 1332 fuisse.
768 1290 1011 1342 Sequuntur
1034 1287 1274 1341 fragmenta
1297 1287 1564 1341 undeviginti
1588 1293 1778 1331 aetorum
1801 1303 1827 1331 a
1848 1290 2000 1333 Fulvio
2018 1290 2175 1333 Ursino

359 1362 456 1402 olim
503 1360 734 1401 adservata
777 1355 978 1409 editaque
1024 1356 1066 1396 in
1107 1356 1218 1396 notis
1250 1356 1341 1397 eius
1374 1355 1430 1397 ad
1462 1356 1697 1398 Varronem
1719 1358 1770 1412 ⁶),
1817 1371 1952 1412 quae,
1987 1358 2175 1413 exeeptis

362 1427 616 1482 fragmentis
658 1425 847 1478 duobus,
888 1424 1023 1465 altero
1062 1424 1163 1464 anni
1206 1424 1355 1466 ineerti
1398 1423 1553 1466 aetatis
1595 1424 1765 1467 Claudii
1798 1426 1967 1481 (Claud.
2000 1426 2079 1482 A),
2118 1426 2176 1469 al-

361 1502 450 1538 tero
483 1496 582 1537 anni
621 1496 676 1536 59
708 1493 788 1551 (d),
827 1491 982 1533 deinde
1015 1492 1130 1546 apud
1161 1492 1392 1534 Farnesios
1424 1492 1691 1548 visebantur,
1723 1498 1874 1548 postea
1906 1508 2000 1536 eum
2030 1507 2176 1536 monu-

359 1564 513 1606 mentis
536 1563 813 1605 Farnesianis
845 1562 889 1602 in
919 1574 1111 1603 museum
1142 1561 1359 1615 publieum
1392 1560 1727 1615 Neapolitanum
1749 1562 1871 1604 illata
1892 1567 2002 1618 sunt,
2032 1562 2176 1616 ibique

360 1633 600 1675 etiamnunc
647 1634 804 1673 extant.
865 1629 930 1670 Ex
976 1630 1042 1671 bis
1090 1629 1192 1683 duo,
1240 1641 1350 1681 quae
1396 1633 1493 1670 011111
1539 1642 1640 1683 pars
1687 1634 1876 1671 aetorum
1901 1630 2024 1672 ‘anni
2071 1630 2127 1672 60
2142 1628 2176 1684 ⁷)

364 1701 734 1754 frag-mentumque
758 1697 813 1738 ad
845 1710 1003 1739 annum
1035 1698 1118 1739 224
1140 1697 1358 1752 pertinens
1371 1697 1417 1752 ⁵³),
1441 1698 1484 1738 in
1508 1697 1677 1740 schedis
1699 1698 1956 1751 quibusdam
1976 1699 2179 1752 leguntur

368 1768 659 1822 Scaligeranis
683 1767 714 1821 υ)
757 1765 1034 1808 adnotatione
1071 1765 1275 1807 adiuncta
1306 1766 1406 1807 hae:
1446 1761 1518 1807 ‘ex
1549 1765 1708 1808 tabulis
1739 1767 1987 1810 marmoreis
2018 1768 2179 1809 Romae

362 1836 530 1878 effossis
563 1849 675 1877 anno
702 1832 845 1890 1570'3
879 1834 962 1876 11110
997 1834 1084 1876 alia
1114 1834 1315 1887 leguntur
1346 1833 1389 1875 in
1421 1833 1568 1875 codiee
1599 1834 1806 1876 Vaticano
1838 1835 2019 1878 Manutii
2050 1839 2178 1877 antea

362 1903 773 1959 eommemorato¹⁰),
807 1917 1038 1956 eorumque
1071 1903 1251 1944 alterum
1282 1901 1464 1943 traditur
1495 1902 1628 1944 fuisse
1664 1905 1732 1954 „in
1763 1918 1864 1957 ayro
1887 1905 2094 1946 Galleuii“
2115 1901 2177 1958 ¹¹),

359 1974 539 2014 alterum
555 1973 748 2027 proxime
766 1972 957 2025 sequitur
979 1971 1280 2025 inscriptiones
1301 1971 1604 2025 imperatorum
1623 1975 1751 2013 antea
1768 1970 2177 2028 eomlnemoratas¹²)

359 2041 403 2081 in
436 2040 585 2082 eodem
617 2054 721 2094 agro
753 2040 948 2081 effossas.
1010 2038 1116 2081 Inde
1147 2039 1340 2092 sequitur
1371 2052 1482 2080 anno
1518 2038 1627 2080 1570
1658 2053 1743 2081 non
1772 2040 1912 2082 solum
1932 2040 2059 2083 bases
2079 2039 2177 2081 illas

360 2109 678 2163 imperatorum,
711 2108 788 2150 sed
811 2107 1054 2161 fragmenta
1075 2119 1245 2160 quoque
1268 2106 1504 2148 Ursiniana
1524 2107 1568 2148 in
1590 2107 1717 2150 vinea
1740 2108 2000 2151 Gallettiana
2021 2108 2180 2151 effossa

359 2190 466 2218 esse.
528 2178 619 2217 Iam
663 2190 763 2218 vero
811 2175 867 2217 ad
914 2175 1158 2228 fragmenta
1204 2173 1440 2216 Ursiniana
1485 2175 1528 2216 in
1577 2175 1764 2217 editione
1808 2177 1945 2218 altera
1989 2175 2176 2219 thesauri

362 2245 606 2286 Gruter-iani
646 2245 876 2299 adseripsit
907 2243 1095 2285 Gudius:
1140 2250 1287 2294 „emo-a
1315 2250 1480 2295 portam
1510 2245 1774 2285 portuensem
1807 2246 1896 2286 loco
1928 2259 2037 2286 nunc
2067 2246 2178 2286 dicto

362 2313 509 2365 affoga
540 2314 705 2367 l'asino,
738 2314 807 2352 ubi
836 2314 992 2365 frah-es
1024 2313 1201 2352 Arvales
1231 2313 1446 2363 collegium
1465 2313 1706 2363 habuerunt,
1729 2315 1808 2354 vid.
1830 2314 2087 2367 Li9(orius)“
2107 2313 2177 2367 ¹³);

460 2415 484 2455 ¹)
512 2426 544 2448 a.
569 2415 640 2449 224
666 2425 696 2450 v.
723 2415 744 2449 3
771 2417 809 2448 et
836 2415 889 2449 10.

456 2473 481 2515 ²)
510 2473 555 2508 cf.
583 2474 658 2507 Atti
675 2474 759 2507 dell*
779 2474 984 2507 accademz'a
997 2473 1123 2516 pontzf.
1142 2473 1235 2505 d'ar-

362 2533 541 2576 cheoloqia
567 2532 638 2566 vol.
666 2531 717 2565 IX
744 2542 778 2576 p.
795 2531 876 2566 490.

455 2588 481 2631 ³)
510 2589 592 2623 eod.
620 2589 828 2624 Vaticanus
854 2589 946 2624 5237
975 2588 995 2622 f.
1024 2589 1103 2624 198.

454 2647 481 2692 ⁴¹)
519 2647 604 2680 inde
643 2646 773 2680 iisdem
802 2647 924 2681 verbis
954 2645 1141 2680 adiunctis
1169 2656 1235 2679 sex

361 2703 491 2739 titulos
526 2705 640 2739 traxit
678 2705 819 2739 Donius
846 2705 878 2746 3,
906 2705 1066 2745 15-20‚
1101 2703 1234 2749 quibus

361 2766 463 2797 reete
498 2763 676 2797 Marinius
712 2764 797 2797 Arv.
832 2773 867 2807 p.
896 2763 964 2798 718
1009 2765 1047 2796 et
1075 2761 1234 2796 Rossius

364 2823 458 2855 Amz.
502 2823 581 2857 inst.
625 2822 722 2856 arch.
758 2822 849 2857 1858
891 2832 925 2866 p.
950 2822 994 2856 57
1039 2820 1234 2866 septimum

363 2879 587 2913 addiderunt
625 2879 772 2913 titulum
829 2878 1026 2921 Gordiani,
1076 2879 1233 2914 Grutero

363 2939 482 2980 (1085,
511 2938 575 2981 10)
611 2937 733 2971 datum
762 2947 783 2971 a
811 2936 1030 2978 Sirm0nd0,
1066 2937 1102 2970 in
1131 2937 1234 2970 euius

364 2995 514 3029 schedis
546 2995 731 3029 I‘arisinis
760 2995 893 3039 (suppl.
928 2993 1007 3030 Lat.
1046 2994 1147 3036 1418,
1175 2993 1233 3039 66)

364 3054 529 3087 refertur.

458 3111 484 3153 ⁵)
512 3110 595 3147 edd.
629 3110 787 3146 Abeken
822 3111 857 3145 in
892 3112 987 3146 Amz.
1023 3112 1105 3145 inst.
1137 3111 1234 3144 arch.

364 3169 454 3204 1841
483 3180 516 3214 p.
536 3170 602 3204 121
631 3172 668 3203 et
695 3169 953 3204 Melehiorrius
980 3181 1057 3214 app.
1080 3170 1154 3213 styli
1172 3169 1238 3202 alti

369 3228 463 3272 deyli
489 3228 617 3261 Arralc'
643 3238 675 3273 p.
695 3228 739 3263 57
755 3238 858 3273 seqq.

1402 2414 1428 2457 ¹³)
1464 2414 1510 2448 ef.
1547 2414 1706 2449 Ursinus
1749 2422 1818 2450 not.
1862 2416 1911 2449 ad
1950 2415 2068 2450 Calon.
2106 2417 2178 2452 cet.

1307 2472 1376 2507 213
1391 2482 1495 2518 seqq.
1523 2483 1568 2506 ex
1596 2483 1714 2518 eoque
1734 2473 1912 2508 Gruterus
1933 2474 2011 2516 117,
2033 2475 2050 2509 1
2068 2483 2174 2519 seqq.

1401 2530 1427 2572 ⁷)
1455 2531 1559 2565 Grut.
1577 2532 1653 2572 118,
1668 2531 1691 2566 4
1704 2544 1749 2560 =
1762 2531 1895 2565 Marini
1910 2531 2082 2576 Arv.3tab.
2095 2530 2179 2566 XV.

1400 2588 1426 2633 ⁸)
1456 2589 1560 2623 Grut.
1580 2589 1658 2631 121,
1680 2589 1698 2623 1
1721 2603 1765 2617 =
1789 2589 1922 2623 Marini
1942 2589 2018 2626 tab.
2039 2588 2178 2623 XLIII.

1401 2647 1427 2690 ⁹)
1462 2646 1544 2681 cod.
1592 2646 1713 2682 Paris.
1763 2647 1871 2682 fonds
1923 2647 2055 2693 Dupny
2095 2646 2164 2682 461

1307 2704 1330 2741 s.
1358 2705 1411 2741 76.
1440 2705 1496 2740 77.

1403 2763 1444 2806 ¹⁰)
1471 2763 1563 2798 5237
1590 2762 1613 2797 f.
1639 2763 1684 2798 85
1711 2765 1750 2797 et
1776 2764 1853 2800 199.

1403 2821 1444 2865 ¹¹)
1472 2821 1517 2856 ef.
1545 2832 1576 2857 a.
1605 2822 1671 2856 139
1690 2836 1735 2851 =
1756 2821 1888 2856 Marini
1906 2821 1982 2857 tab.
2000 2822 2180 2860 XXVIII.

1402 2880 1443 2922 ¹²)
1472 2891 1504 2914 a.
1531 2881 1576 2915 60
1602 2893 1647 2908 =
1674 2879 1808 2913 Marini
1835 2879 1910 2914 tab.
1936 2880 2044 2915 XVI.

1403 2937 1442 2979 ¹³)
1470 2937 1610 2979 Eadem
1626 2937 1740 2972 refert
1757 2924 1932 2972 Minimus
1949 2939 2047 2981 (Arv.
2062 2950 2096 2985 p.
2106 2940 2178 2983 65),

1306 2996 1367 3040 qui
1401 2995 1498 3030 unde
1534 2995 1705 3038 traxerit,
1750 2995 1908 3030 Rossius
1953 2997 2062 3039 (Ama.
2097 2999 2177 3033 ime.

1307 3056 1404 3091 arch.
1431 3055 1522 3090 1858
1548 3065 1582 3100 p.
1603 3055 1661 3097 61)
1696 3065 1737 3089 se
1774 3064 1844 3088 non
1871 3053 2060 3089 invenisse
2089 3054 2180 3090 fate-

1305 3115 1372 3146 tur.
1424 3113 1645 3158 Desumpsit
1688 3112 1798 3157 igitur
1834 3111 1896 3146 ille
1935 3122 1980 3145 ex
2019 3111 2178 3147 Grutero

1306 3170 1364 3204 ed.
1391 3171 1423 3206 2.
1474 3171 1514 3205 In
1548 3170 1654 3204 libris
1688 3163 2004 3214 Ligoriauis‘non
2031 3169 2179 3215 repperi

1306 3239 1350 3263 ea
1376 3239 1469 3274 quae
1492 3228 1637 3263 Gudius
1665 3228 1700 3263 in
1728 3228 1773 3263 iis
1792 3238 1832 3262 se
1853 3227 1991 3272 legisse
2011 3227 2178 3264 affirmat.
