2340 3658
920 243 1023 279 Vota
1046 254 1178 279 annus.
1897 247 1953 290 93

4 338 11 427 Ξ
87 371 114 406 5
136 359 323 413 pluribus
347 358 552 397 Arnobius
593 357 647 408 (⁷,
673 357 739 407 26)
780 358 847 408 qui
872 359 1047 408 copulata
1074 366 1110 396 et
1133 362 1268 398 mixta·
1285 358 1382 398 dicit
1407 370 1495 397 esse
1522 361 1827 397 caerimoniarum
1865 359 1953 398 haec

137 434 278 476 yma
317 422 519 472 malamque
557 421 725 460 adhibita-
750 424 789 458 in
808 422 1021 470 plurimum.
1076 421 1162 459 Tus
1197 425 1326 460 autem
1359 422 1543 459 novellam
1569 421 1680 460 addit
1707 433 1795 460 esse
1814 434 1953 472 prope-

4 486 10 538 ’ζ
82 475 290 525 madiam
315 497 391 522 rem
415 497 530 533 neque
557 486 735 521 annorum
761 484 1050 534 inexplicabilem
1075 486 1214 529 seriem,
1253 496 1296 521 ea:
1335 497 1405 534 quo
1446 486 1519 521 eius
1550 486 1681 521 notitia
1708 484 1891 533 proflavit
1914 488 1953 522 in

75 552 114 586 ζ»
128 548 211 586 aas
227 548 358 597 partes
383 552 416 583 a
439 546 599 584 delubris
623 549 751 583 meruit
776 548 943 584 interesse
961 548 1112 584 divinis.-
1138 557 1228 584 nam
1257 557 1384 596 neque
1411 546 1655 596 temporibus
1683 545 1852 584 heroicis
1879 558 1951 585 nec

75 608 105 650 ε’
140 609 325 649 ⁴Etruriae
353 619 426 646 nec
454 608 625 646 Romulo
652 620 780 658 neque
807 608 960 647 Numae
990 613 1053 646 tus
1082 613 1215 647 notum
1242 609 1376 647 fuisse.
1413 608 1602 648 Similiter
1627 612 1717 646 tura
1742 609 1954 657 peregrina

138 670 239 714 dicit
264 669 530 709 Tertullianus
571 671 632 720 (de
655 678 766 720 spect.
795 670 868 720 II).
923 670 1057 709 Nihilo
1098 671 1224 710 minus
1266 675 1619 710 commemorantur
1649 671 1729 708 iam
1756 682 1781 709 a
1808 670 1953 708 Plauto

136 733 283 784 (duhel.
304 734 486 787 prologus
512 733 577 782 24)
604 737 644 771 et
671 733 822 771 Catone
852 733 898 784 (r.
926 746 958 770 r·.
990 734 1077 782 134)
1105 734 1172 783 qni
1198 734 1428 784 priusquam
1456 734 1596 772 messis
1630 733 1710 782 fiat,
1746 736 1833 771 ture
1860 732 1952 771 vino

140 794 241 835 Mo
268 795 358 834 Iovi
382 795 525 833 Iunoni
549 795 811 845 praefandum
852 807 939 834 esse
979 796 1235 845 praescribit3
1277 808 1351 835 nec
1392 800 1557 846 postera
1595 801 1701 834 certe
1743 800 1873 835 aetate
1911 796 1952 834 in

82 844 95 877 f
138 857 346 898 sacrificiis
372 861 558 907 poterant
586 857 746 895 deesse:
774 859 823 897 cf.
851 858 1084 908 Marqnardt
1109 859 1156 896 R.
1184 859 1233 897 A.
1261 860 1288 896 4
1313 871 1352 909 p.
1379 857 1467 897 467.
1504 859 1565 897 De
1594 859 1684 896 vino
1713 858 1788 897 diis
1817 859 1953 897 oblato

139 919 192 960 ef.
223 918 329 959 Cato
355 919 379 958 l.
408 919 432 958 l.
463 921 548 958 132.
580 920 663 958 134.
690 941 743 948 —-
771 920 858 958 Tus
886 925 1015 959 autem
1035 924 1083 958 ‘et
1112 921 1241 958 vinum
1268 921 1349 959 fere
1377 933 1533 971 semper
1560 921 1770 959 coniuncta
1796 932 1886 960 esse
1912 921 1952 959 in

72 974 90 998 '⁵5
139 982 284 1031 *nerim
309 981 353 1020 id
379 982 487 1032 quod
514 981 680 1020 vidimus
710 983 924 1021 tradidisse
950 983 1185 1031 Arnobium,
1211 982 1447 1022 confirmant
1475 988 1514 1022 et
1540 988 1632 1022 acta
1646 983 1865 1031 Arvalium,
1885 984 1953 1033 qui

139 1056 262 1096 saepe
287 1045 470 1083 dicuntur
496 1053 575 1083 ture
599 1051 635 1083 et
662 1048 746 1084 vino
765 1047 898 1095 secisse
925 1046 991 1096 (cf.
1010 1050 1101 1084 acta
1115 1046 1219 1084 sacri
1234 1046 1342 1084 Maio
1357 1058 1490 1084 mense
1511 1046 1606 1084 facti
1621 1045 1800 1095 passim),
1828 1050 1868 1084 et
1881 1057 1953 1084 ara

62 1101 94 1155 fg
138 1108 396 1148 celeberrima
421 1107 695 1147 Narbonensis
724 1106 808 1156 (Or.
837 1109 956 1158 2489)
985 1109 1024 1146 in
1053 1120 1132 1159 qua
1159 1108 1350 1157 scriptum
1390 1113 1469 1147 est:
1510 1110 1563 1146 ad
1585 1109 1867 1158 supplicandum
1884 1121 1949 1145 nu-

2 1154 4 1156 *
56 1167 71 1212 >·.'
138 1174 228 1209 mini
254 1174 330 1209 eius
355 1170 540 1221 (AmuJusti)
568 1175 623 1209 tas
649 1178 683 1208 et
710 1174 826 1209 vinum
856 1173 900 1209 de
930 1185 994 1210 suo
1029 1185 1069 1210 eo
1103 1173 1161 1209 die
1187 1177 1377 1220 praestent
1403 1178 1437 1209 et
1472 1172 1581 1210 VIII
1601 1170 1813 1220 Malendas)
1843 1171 1951 1209 Octo-

123 1230 249 1284 ssffles)
277 1240 334 1271 tus
359 1236 481 1271 vinum
514 1235 652 1272 colonis
678 1241 712 1271 et
740 1235 867 1272 incolis
887 1241 1086 1284 praestent.
1120 1235 1207 1273 VII
1228 1247 1367 1284 quoque
1398 1235 1479 1271 idus
1508 1231 1744 1283 Ianuaroas)
1767 1262 1951 1271 .......

62 1328 80 1338 ,ι
137 1303 216 1335 aare
239 1299 323 1335 vino
348 1297 551 1346 supplicent
575 1303 613 1334 et
636 1298 773 1335 hoste'as
797 1296 989 1347 sinqal(as)
1016 1297 1198 1334 immolent
1225 1303 1257 1334 et
1282 1297 1420 1334 colonis
1445 1296 1642 1345 incolisque
1675 1301 1731 1333 tus
1763 1298 1884 1333 vinum
1911 1308 1951 1333 eo

2 1361 5 1365 “
57 1359 82 1392 ζ’
139 1360 200 1398 die
217 1365 417 1409 praestent.
461 1381 508 1387 —
547 1359 762 1398 Natalibus
790 1360 966 1408 Augusti
1007 1364 1047 1397 et
1076 1359 1139 1398 Ti.
1171 1358 1392 1397 Caesarum
1433 1361 1479 1397 ut
1517 1362 1603 1396 ture
1643 1359 1685 1396 et
1726 1358 1817 1395 vino
1845 1357 1951 1406 genii

69 1432 85 1452 2·
138 1432 272 1461 eorum
300 1421 352 1460 ad
384 1421 623 1471 epulandum
659 1433 729 1460 ara
763 1423 929 1460 numinis
957 1422 1130 1471 Augusti
1163 1422 1388 1468 invitentur,
1422 1421 1708 1469 praescribitur
1740 1421 1854 1459 titulo
1883 1419 1951 1459 Or.

139 1481 235 1532 6863·
255 1483 442 1522 similiter
467 1483 622 1522 Plinius
645 1475 720 1534 (ep.
754 1486 812 1532 10,
841 1483 920 1534 96),
950 1484 999 1522 de
1027 1484 1250 1522 christianis
1280 1483 1332 1522 ad
1357 1483 1572 1522 Traianum
1599 1484 1750 1522 litteras
1778 1483 1951 1530 mittens,

58 1551 73 1570 2'
136 1545 299 1596 imagini
325 1546 408 1584 eius
435 1550 520 1584 ture
549 1557 597 1584 ac
623 1547 715 1584 vino
742 1558 767 1584 a
793 1546 1030 1596 quibusdam
1067 1546 1330 1596 supplicatum
1370 1556 1459 1583 esse
1499 1546 1632 1583 refert.
1687 1546 1749 1584 De
1790 1556 1869 1594 qua
1908 1555 1951 1582 re

56 1601 94 1629 33
137 1608 258 1659 plura
283 1607 447 1657 collegit
473 1608 669 1647 Msrinius
696 1621 736 1659 p.
764 1610 840 1647 288
869 1620 981 1659 seqq.
1007 1631 1059 1637 —
1088 1608 1206 1656 Quod
1233 1612 1360 1646 autem
1389 1608 1551 1647 Arvalis
1586 1611 1675 1646 ture
1710 1613 1749 1646 et
1777 1608 1866 1646 vino
1894 1607 1949 1645 di·

137 1671 240 1710 citur
264 1670 409 1709 fecisse
434 1673 474 1707 in
498 1673 580 1721 ique
603 1674 644 1708 in
660 1672 805 1721 soc-ndo,
831 1672 872 1709 id
906 1671 1124 1722 respondet
1154 1671 1285 1709 verbis
1315 1670 1447 1710 Ovidii
1475 1670 1490 1718 (
1488 1672 1582 1720 fast.
1610 1672 1648 1719 4,
1676 1671 1766 1719 935>
1800 1670 1866 1720 qui
1894 1670 1951 1708 sic

2 1736 5 1738 ’
138 1733 295 1773 scribit:
322 1746 347 1770 a
374 1733 505 1771 dem-a
529 1734 626 1770 villis
650 1735 805 1772 mantele
830 1736 956 1773 solutis
983 1747 1132 1785 cumque
1157 1736 1247 1771 »meri
1266 1740 1406 1782 patera
1433 1736 1523 1771 turis
1548 1746 1682 1771 acerra
1701 1736 1788 1783 suit.
1848 1733 1950 1770 Tura

2 1794 6 1808 ²
60 1807 73 1834 ·’·.;
130 1797 232 1846 focis
254 1798 446 1850 vinumque
471 1797 573 1833 dedit
597 1800 672 1834 cet.
725 1797 786 1835 De
815 1797 956 1835 foculis
984 1797 1067 1834 sive
1094 1796 1194 1834 focis
1222 1796 1271 1833 cf.
1299 1796 1490 1834 Mariuius
1523 1795 1578 1846 (p.
1607 1798 1681 1834 311
1713 1794 1839 1845 seqq.)
1882 1795 1949 1845 qui

1 1876 3 1878 ·
59 1853 86 1880 2'
137 1857 188 1896 ab
215 1857 295 1896 aris
322 1869 390 1896 eos
418 1857 598 1896 diversos
626 1858 748 1897 fuisse
776 1859 904 1897 docet.
941 1859 992 1897 Id
1021 1858 1252 1897 confirmant
1270 1858 1400 1896 Varro
1428 1858 1535 1908 apud
1562 1858 1742 1897 Servium
1770 1858 1840 1908 (ad
1854 1858 1948 1895 Aen.

136 1921 173 1970 8,
202 1920 311 1969 134):
337 1922 429 1957 inter
453 1926 626 1958 sacratas
652 1933 743 1958 aras
772 1924 886 1970 socos
920 1934 1059 1972 quoque
1083 1924 1230 1959 sacrari
1262 1922 1395 1967 solere,
1427 1929 1467 1959 ut
1500 1924 1538 1958 in
1566 1921 1750 1970 Capitolio
1775 1922 1860 1958 Ioci
1886 1921 1949 1957 Iu·

134 1994 223 2021 nom
247 1983 440 2020 Minervae
466 1986 562 2030 cet.;
590 1994 691 2032 quae
717 1985 842 2023 verba
867 1995 946 2022 non
973 1988 1034 2021 est
1059 1983 1125 2033 qui
1153 1995 1233 2021 non
1251 1983 1397 2032 videat,
1425 1996 1542 2034 quam
1560 1984 1661 2022 bene
1680 1981 1952 2032 respondeant

134 2043 184 2084 iis
223 2053 326 2095 quae
366 2043 416 2082 de
444 2044 659 2083 Arvalibus
700 2049 909 2084 narrantur
941 2046 980 2083 in
1014 2056 1109 2084 area
1138 2044 1414 2095 Capitolinas
1397 2046 1724 2085 sacrificantibus.
1781 2045 1951 2082 Plautus

136 2106 336 2157 (Amphitr.
367 2107 401 2156 1,
430 2109 464 2156 1,
493 2105 577 2156 71);
604 2108 738 2154 urbem,
764 2121 907 2158 aqrum,
933 2120 1035 2154 aras,
1053 2110 1165 2156 socos
1191 2109 1286 2155 cet.;
1317 2107 1460 2147 Cicero
1489 2109 1580 2156 (nat.
1606 2109 1705 2145 deor.
1734 2108 1770 2154 2,
1797 2105 1948 2156 27,67):

63 2171 70 2177 ²
145 2169 275 2208 Vestae
299 2182 428 2208 nomen
453 2182 478 2207 a
509 2169 662 2208 Graccis
688 2177 741 2207 est
767 2199 776 2208 .
805 2201 812 2209 .
842 2199 851 2208 .
879 2198 910 2216 .,
935 2173 991 2207 vis
1017 2177 1135 2207 autem
1162 2172 1236 2207 eius
1261 2171 1315 2207 ad
1339 2181 1429 2207 aras
1462 2176 1497 2206 et
1512 2172 1623 2219 socos
1653 2172 1816 2218 pertinet
1854 2173 1948 2216 eet.;

51 2215 73 2287 J
135 2231 250 2271 idem‘
266 2232 357 2282 (pro
384 2233 492 2270 domo
518 2233 582 2281 40,
613 2233 720 2279 106):
746 2235 802 2270 ius
825 2235 990 2270 statuetis
1016 2244 1088 2269 esse
1111 2235 1384 2282 uniuscuiusque
1402 2239 1556 2269 vestrum
1574 2233 1685 2277 sedes,
1707 2245 1809 2278 aras,
1826 2233 1949 2282 socos,

58 2297 73 2349 'j
135 2294 222 2333 ὼοε
245 2295 405 2332 Penates
428 2294 604 2332 subiectos
630 2307 702 2332 esse
729 2295 872 2332 libidini
897 2295 1156 2338 tribuniciae&
1196 2294 1392 2332 Veranius
1427 2294 1535 2344 apud
1562 2293 1815 2332 Macrobium
1854 2294 1947 2342 (Sat.

7 2360 9 2362 ’
134 2357 173 2405 3,
198 2357 236 2405 2,
263 2355 323 2405 3):
350 2362 434 2393 exta
453 2359 697 2405 porriciunto,
724 2357 782 2393 dis
806 2357 935 2402 danto,
961 2358 999 2392 in
1025 2357 1167 2393 altaria
1194 2369 1346 2394 aramce
1361 2358 1533 2405 sucumve
1559 2348 1644 2395 eave
1670 2369 1742 2406 quo
1761 2362 1845 2393 esta
1863 2357 1950 2393 clari

51 2438 71 2471 χ,
97 2415 101 2419 ”
134 2416 319 2464 debebunt,
346 2418 423 2457 alii.
480 2416 570 2465 Quo
596 2418 715 2456 modo
742 2418 844 2455 inter
870 2429 912 2454 se
940 2417 1137 2465 differant,
1165 2430 1303 2466 parum
1331 2418 1467 2468 liquet,
1495 2429 1568 2456 nec
1597 2420 1709 2456 certa
1737 2423 1828 2457 sunt
1848 2429 1949 2468 quae

136 2479 186 2518 de
211 2480 388 2518 focorum
428 2479 554 2517 forma
593 2483 633 2518 et
672 2480 837 2518 materia
863 2480 1034 2518 coniecit
1061 2480 1255 2518 Marinius
1283 2479 1325 2530 (1.
1355 2481 1418 2530 e.)‚
1447 2481 1522 2518 etsi
1549 2480 1810 2530 probabiliter
1835 2480 1948 2518 focos

132 2541 256 2580 fuisse
282 2541 410 2580 eredit
435 2545 475 2578 et
501 2552 599 2578 vasa
625 2541 686 2578 vel
713 2541 852 2580 fictilia
878 2542 939 2579 vel
968 2553 1092 2580 aenea
1118 2546 1161 2580 et
1187 2541 1365 2591 tripodes
1393 2542 1604 2592 plicatiles.
1661 2542 1813 2580 Foculo
1843 2546 1947 2579 certe

134 2608 326 2654 argenteo
341 2603 735 2641 utebanturArvales
751 2603 816 2653 (cf.
829 2604 1223 2642 sctaAmbarralium
1239 2605 1359 2642 a.218
1369 2609 1454 2654 etp.
1466 2604 1544 2653 23).
1574 2604 1629 2642 Et
1644 2604 1759 2642 facile
1769 2604 1858 2642 loco
1870 2615 1947 2641 mo-

2 2666 17 2710 {2
136 2666 332 2705 vehantur
369 2665 448 2704 foci
489 2665 572 2703 sive
610 2664 732 2703 foculi
760 2669 800 2703 et
832 2665 884 2703 ad
918 2677 1034 2703 sacra
1065 2666 1251 2704 facienda
1284 2667 1676 2716 transporta-bantur:
1722 2667 1772 2704 cf.
1803 2665 1946 2704 Cicero

133 2727 221 2778 (pro
247 2730 355 2767 aomo
379 2725 444 2776 4⁷,
474 2727 558 2765 123.
587 2726 634 2765 cf.
662 2728 725 2774 48,
756 2726 845 2776 125)
865 2728 995 2776 somno
1015 2731 1141 2776 posito
1167 2731 1206 2765 in
1230 2731 1359 2766 rostris
1385 2729 1617 2778 adhibitoque
1648 2729 1808 2773 tibicine·
1844 2728 1945 2766 simi-

10 2802 18 2825 1
132 2789 223 2829 liter
243 2789 399 2828 Plinius
428 2790 478 2838 (n.
505 2790 539 2827 h.
568 2790 631 2837 22,
661 2789 743 2837 11);
766 2795 1042 2838 praetextatum
1067 2791 1270 2828 immolasse
1296 2791 1350 2827 ad
1375 2790 1554 2827 tibicinem
1571 2792 1701 2840 foculo
1730 2794 1876 2840 posit03
1908 2796 1949 2830 et

0 2862 15 2905 ᾗ(
132 2851 345 2902 praecipue
372 2851 503 2890 Varro
531 2850 575 2901 (l.
603 2851 628 2888 l.
657 2852 693 2899 6,
725 2850 807 2898 14):
850 2851 1044 2889 Liberalia
1083 2853 1196 2899 dicta,
1236 2853 1335 2903 quod
1366 2865 1438 2901 per
1475 2859 1590 2891 totum
1615 2854 1792 2903 oppidu-m
1819 2866 1859 2891 eo
1887 2855 1946 2892 die

0 2908 10 2931 ζ’
55 2902 86 2941 ᾗ
132 2915 255 2957 codem
272 2914 479 2952 sacerdotes
496 2913 624 2950 Liberi
650 2925 743 2950 anus
768 2915 879 2952 edera
905 2921 1104 2952 coronatae
1131 2927 1210 2952 cam
1237 2915 1318 2952 liln's
1344 2922 1379 2952 et
1394 2915 1524 2964 foculo
1546 2928 1620 2964 pro
1647 2922 1807 2965 emptore
1830 2919 1946 2953 sacri·

124 2976 289 3026 ficantes.
320 2998 366 3005 --
395 2975 501 3013 Ture
529 2979 569 3014 et
596 2975 685 3012 vino
713 2986 801 3013 cum
828 2976 1018 3014 sacerdos
1044 2977 1218 3024 fecisset,
1253 2976 1395 3014 deinde
1429 2977 1608 3015 victimas
1635 2978 1858 3015 immolasse
1887 2977 1943 3015 di·

59 3031 83 3046 *
133 3037 234 3077 citur
258 3037 347 3076 vino
375 3037 482 3076 mola
505 3037 720 3086 cultroque.
774 3038 985 3083 Immolare,
1013 3038 1151 3076 scribit
1177 3038 1327 3077 Paulus
1369 3039 1424 3088 (p.
1456 3041 1528 3077 110
1556 3039 1618 3077 ed.
1646 3040 1697 3077 M.
1726 3052 1755 3078 s.
1786 3040 1850 3087 v),
1892 3047 1945 3078 est

2 3108 23 3127 *³
132 3100 243 3146 mola,
277 3101 318 3137 id
343 3105 396 3137 est
412 3102 524 3150 farre
547 3099 674 3136 molito
700 3105 735 3136 et
758 3100 848 3144 sale,
874 3099 1029 3137 hostiam
1049 3112 1284 3150 perspersam
1307 3114 1459 3139 sacrare
1486 3101 1550 3148 (cf.
1579 3101 1724 3139 Festus
1751 3113 1788 3151 p.
1812 3103 1882 3139 141
1914 3114 1943 3140 s.

133 3173 169 3200 v.
194 3162 332 3211 mom:
359 3162 536 3200 similiter
563 3160 723 3200 Servius
751 3161 822 3210 (ad
846 3160 938 3199 Aen.
970 3163 1029 3209 10,
1055 3163 1164 3211 541):
1201 3163 1385 3200 immolari
1404 3166 1560 3212 proprie
1593 3165 1762 3201 dicuntur
1794 3164 1944 3211 hostiae,

52 3227 74 3255 τ’
132 3219 207 3262 non
235 3237 314 3262 cnm
340 3224 552 3270 caeduntur,
578 3224 643 3260 sed
667 3235 747 3261 cum
773 3225 959 3272 accipiunt
996 3223 1132 3261 molam
1157 3225 1294 3262 salsam
1321 3229 1395 3263 cet.
1425 3225 1474 3262 cf.
1516 3224 1567 3262 id.
1609 3226 1662 3262 ad
1685 3226 1778 3263 Aen.
1804 3226 1843 3274 4,
1870 3226 1941 3266 57:

22 3320 26 3322 .
135 3284 220 3324 olim
245 3288 338 3324 enirn
363 3285 502 3324 hostiae
525 3286 735 3324 immolatae
762 3286 972 3324 dicebantur
998 3285 1096 3323 mola
1121 3286 1222 3324 salsa
1239 3291 1380 3331 tactae;
1406 3299 1485 3324 cum
1513 3300 1595 3325 cero
1624 3291 1716 3326 ictae
1741 3294 1779 3326 et
1802 3290 1946 3339 aliquid
