2340 3658
364 192 419 234 38
1090 185 1196 222 Sacri
1221 185 1314 220 deae
1338 185 1433 222 Diae

366 304 510 355 quardt
535 305 559 343 l.
582 316 614 343 c.
643 305 679 352 5,
698 304 722 341 2
749 315 787 354 p.
811 301 894 341 179.
932 300 1078 341 Scribit
1097 301 1144 340 de
1164 313 1211 340 eo
1230 301 1375 340 Festus
1404 299 1458 351 (p.
1479 299 1555 339 274
1582 298 1642 338 ed.
1661 300 1712 338 M.
1743 299 1792 338 cf.
1818 300 2033 339 Mommsen
2050 299 2076 338 1.
2091 298 2162 351 c.):

368 370 536 406 ricinium
564 379 665 405 omne
691 369 932 404 vestimentum
966 366 1186 415 quadratum
1219 365 1255 401 1ιὶ
1289 366 1350 413 qui
1378 364 1471 401 XII
1503 365 1726 413 interpretati
1766 369 1847 401 sunt
1879 375 1950 402 esse
1983 363 2164 401 dixerunt.-

376 431 523 469 Verrius
551 438 683 481 toyam,
711 443 784 479 qua
809 431 973 467 mzdieree.
1006 429 1215 473 utebantur,
1246 433 1472 476 praecariam
1505 428 1608 464 clavo
1639 438 1839 476 purpurea.
1893 425 2163 465 Mommsenus

363 494 482 542 igitur
511 493 551 544 (1.
573 494 623 543 c.)
650 494 750 532 inter
778 497 914 542 togam
942 496 982 530 et
1008 491 1183 530 ricinium
1212 490 1315 528 hanc
1356 501 1471 527 unam
1492 494 1607 539 putat
1622 488 1865 528 intercedere
1886 487 2160 537 differentiam,

367 556 471 606 qnod
501 556 669 594 rotunda
696 556 776 604 illa,
803 555 877 594 hoc
905 567 1010 594 more
1040 554 1194 593 Graeco
1216 553 1448 604 quadratum
1476 553 1591 590 fuerit
1610 553 1674 602 (ef.
1694 551 1927 602 Marquardt
1955 553 2001 591 R.
2024 553 2070 590 A.
2091 553 2164 601 5‚2

365 631 403 668 p.
429 618 529 670 163),
559 631 631 657 nec
659 619 819 657 multum
845 619 946 657 inter
974 629 1015 656 se
1045 617 1199 656 differre
1219 620 1466 667 praetextam
1487 627 1534 654 ac
1562 615 1739 654 ricinium
1758 615 1849 654 inde
1870 626 2025 667 quoque
2047 615 2164 654 colle·

367 682 437 730 git,
457 683 560 732 quod
580 682 689 732 pueri
705 681 859 731 patrimi
875 682 1041 720 matrimi
1056 680 1270 719 Arvalibus
1290 680 1556 718 ministrantes
1576 678 1692 717 modo
1713 678 1894 717 dicuntur
1913 677 2165 728 praetextati,

368 745 484 782 modo
501 745 669 783 riciniati
696 745 759 793 (cf.
777 747 868 782 acta
886 744 961 781 diei
979 744 1122 794 tertiip.
1138 745 1199 782 42.
1214 743 1291 794 44).
1327 745 1382 782 At
1402 755 1486 782 cum
1506 742 1545 780 in
1562 742 1698 780 mutila
1718 753 1834 792 quam
1851 741 1898 780 de
1922 743 2002 779 rica
2020 740 2163 780 Festus

367 808 419 858 (p.
433 809 515 847 ,289
544 808 603 846 ed.
625 809 692 856 M.)
722 808 883 845 exhibet
911 807 1175 857 descriptione
1209 807 1266 846 ita
1299 807 1379 844 fere
1419 806 1596 844 videatur
1622 805 1832 855 legendum
1867 816 1976 843 esse:
2011 807 2092 842 rica
2118 810 2168 841 est

363 871 625 917 [vestimentum
654 871 896 919 quadratum]
914 871 1138 918 fimbriatum
1155 870 1403 920 pmspztrewm
1424 882 1493 919 quo
1508 870 1720 919 flaminicae
1738 869 1834 918 pro]
1853 868 2011 918 palliolo
2038 870 2164 905 ‘mitra-

364 933 429 980 [ve
455 934 676 983 utebanturJ,
705 933 945 972 alibi‘autem
974 934 1027 984 (p.
1050 932 1139 983 277)
1167 937 1266 971 ricae
1294 933 1441 971 scribat
1467 939 1499 970 et
1524 933 1662 970 riculae
1687 937 1864 970 vocantur
1885 943 2008 981 parva
2032 933 2166 978 ricinia

366 1000 452 1045 cet,
482 1000 520 1034 et
546 997 634 1046 ipsa
661 997 798 1036 ricinia
825 996 1018 1035 fimbriata
1045 996 1165 1035 fuisse
1194 997 1260 1034 vix
1295 1000 1429 1046 potest
1458 995 1615 1035 dubium
1644 1008 1745 1035 esse.
1800 996 1943 1046 Itaque
1972 1006 2056 1033 cum
2084 993 2165 1032 fim-

363 1059 530 1098 briatum
560 1060 822 1110 repperissem
842 1060 1111 1098 vestimentum
1131 1060 1275 1099 camilli
1301 1060 1341 1097 in
1357 1071 1425 1098 ara
1445 1058 1616 1109 quadam
1636 1059 1857 1099 Caeretana
1877 1057 2019 1108 sculpti
2044 1057 2167 1107 (Mon.

363 1124 442 1159 met.
460 1123 557 1160 arch.
574 1124 608 1172 6,
628 1122 704 1172 13),
724 1123 761 1160 id
783 1123 959 1162 ricinium
979 1135 1066 1163 esse
1087 1123 1309 1163 existimavi
1327 1134 1567 1174 puerumque
1588 1123 1809 1161 riciniatum
1827 1121 1907 1160 iure
1935 1120 2015 1160 dici
2033 1131 2164 1172 posse.

365 1185 481 1233 Quod
509 1186 561 1224 ad
588 1186 757 1224 Arvales
786 1187 946 1236 attinet,
985 1191 1256 1242 praetextatos
1292 1199 1359 1226 eos
1403 1187 1522 1225 fuisse
1562 1186 1746 1234 vidimus,
1782 1185 2014 1235 ubicumque
2042 1183 2165 1223 sacris

362 1253 522 1298 praesto
551 1253 684 1296 erant;
723 1248 793 1286 sed
822 1249 874 1287 ad
903 1251 1144 1300 spectandos
1172 1251 1288 1290 ludos
1316 1250 1518 1290 riciniatus
1546 1249 1679 1300 prodit
1706 1242 1914 1299 magister,
1948 1249 1972 1288 i.
1994 1259 2026 1288 e.
2056 1252 2166 1288 veste

362 1312 540 1350 muliebri
569 1311 724 1350 Graeco
753 1324 861 1350 more
889 1313 1062 1363 indutus,
1091 1326 1175 1353 cum
1195 1326 1320 1365 eaque
1340 1315 1439 1353 bene
1460 1314 1697 1352 conveniunt
1717 1313 1847 1351 soleae
1874 1312 2014 1363 quibus
2032 1311 2166 1360 utitur,
2214 1358 2216 1363 .

365 1375 510 1426 quippe
540 1387 639 1425 quae
669 1388 692 1413 a
721 1376 912 1415 Romanis
947 1388 1025 1414 non
1062 1382 1199 1427 gestae
1229 1378 1306 1416 sint
1334 1377 1408 1416 nisi
1436 1377 1540 1416 domi
1568 1378 1628 1416 vel
1657 1389 1743 1415 cum
1770 1375 1923 1414 invitati
1951 1373 2001 1414 ad
2029 1385 2167 1414 cenam

368 1439 469 1477 irent
496 1437 560 1489 (cf.
591 1438 828 1489 Marquardt
856 1440 879 1477 l.
902 1451 933 1478 c.
964 1441 999 1489 5,
1024 1443 1040 1478 1
1071 1453 1109 1491 p.
1130 1442 1202 1478 331
1233 1445 1273 1479 et
1299 1443 1334 1490 2,
1356 1442 1454 1490 196).
1493 1441 1657 1479 Praeter
1683 1439 1858 1479 ricinium
1887 1450 2070 1478 coronam
2089 1449 2166 1476 ma·

362 1502 484 1551 gister
499 1502 654 1551 accepit
667 1502 850 1551 pactilem
873 1514 1088 1541 rosaceam.
1131 1505 1287 1542 pactiles
1307 1516 1475 1544 coronae
1497 1505 1790 1553 distinguuntur
1817 1515 1840 1542 a
1862 1503 2037 1550 sutilibus,
2065 1514 2165 1542 sum-

363 1577 540 1616 mamque
569 1566 840 1605 auctoritatem
875 1567 1013 1606 scribit
1043 1566 1199 1606 Plinius
1221 1567 1269 1615 (n.
1289 1568 1321 1606 Ιι.
1341 1570 1402 1617 21,
1425 1567 1486 1618 11)
1508 1568 1645 1619 pactili
1665 1579 1830 1606 coronae
1850 1578 1950 1615 esse,
1974 1565 2100 1616 iisque
2126 1565 2166 1604 in
2224 1570 2227 1571 ’

365 1629 485 1667 sacris
517 1627 711 1667 Saliorum
739 1629 795 1667 uti
824 1629 1033 1669 sollemnes
1064 1643 1193 1669 cenas,
1230 1630 1372 1681 Neque
1399 1633 1532 1670 tamen
1561 1631 1657 1669 satis
1684 1630 1820 1680 liquet,
1847 1628 2043 1680 quomodo
2062 1622 2164 1668 com-

362 1696 525 1742 paratae
541 1692 695 1741 fuerint,
712 1698 751 1731 et
765 1705 852 1730 num
872 1693 1032 1732 eaedem
1055 1706 1142 1732 esse
1161 1693 1361 1744 putandae
1382 1695 1458 1732 sint
1476 1698 1594 1745 atque
1614 1693 1769 1733 textiles
1785 1693 1850 1744 (cf.
1866 1691 2020 1731 Becker
2036 1691 2168 1732 Gallus

364 1757 387 1792 3
416 1767 453 1805 p.
474 1756 547 1794 249
576 1755 637 1793 ed.
661 1757 711 1805 2).
755 1755 950 1795 Ricinium
979 1761 1107 1796 autem
1137 1762 1175 1796 et
1203 1757 1335 1796 soleae
1363 1768 1582 1807 roseaeque
1611 1768 1779 1795 coronae
1810 1756 1927 1806 longe
1956 1755 2168 1795 abhorrent

350 1815 388 1856 'a
415 1819 623 1858 severitate
651 1819 720 1857 illa
747 1824 786 1858 et
811 1821 1005 1870 gravitate
1025 1832 1186 1869 morum,
1218 1833 1295 1871 qua
1315 1820 1504 1859 Romanis
1526 1832 1601 1858 non
1622 1820 1771 1859 licebat
1789 1820 1863 1858 nisi
1882 1819 2028 1869 togatis
2047 1818 2162 1857 ludos

363 1886 545 1931 spectare
574 1882 754 1932 (Sueton.
784 1885 878 1933 Any.
906 1885 974 1932 403
1002 1887 1060 1922 vit.
1091 1886 1225 1922 Comm.
1258 1885 1323 1932 16;
1352 1883 1401 1922 cf.
1430 1883 1714 1922 Friedlaender
1740 1883 1964 1933 Sittenqesch.
1985 1883 2009 1920 2
2035 1894 2074 1933 p.
2093 1884 2164 1922 135

363 1944 424 1982 ed.
447 1945 501 1995 1):
542 1946 712 1985 Arvales
742 1947 841 1985 enim
869 1951 948 1985 tum
979 1959 1055 1986 non
1075 1948 1112 1986 in
1133 1948 1228 1986 urbe
1248 1948 1434 1997 agebant,
1463 1947 1534 1985 sed
1550 1959 1702 1985 sacrum
1724 1951 1880 1997 agreste
1900 1945 2166 1984 celebrabant.

366 2006 483 2054 Quod
511 2012 640 2046 autem
669 2021 786 2060 super
812 2022 989 2049 carceres
1019 2012 1200 2050 ascendit
1227 2011 1415 2061 magister
1434 2010 1588 2060 signum
1608 2011 1784 2058 daturus,
1811 2009 1852 2048 id
1879 2007 2062 2048 convenit
2079 2019 2166 2047 cum

361 2070 407 2108 iis
448 2082 549 2120 quae
589 2073 650 2110 vel
694 2073 741 2110 de
784 2073 886 2112 ludis
927 2075 1169 2114 circensibus
1204 2075 1352 2114 tradita
1388 2074 1611 2124 accepimus
1650 2075 1710 2113 vel
1738 2074 1777 2112 in
1818 2072 2075 2112 monumentis
2102 2083 2162 2111 re·

364 2138 623 2184 praesentata.
650 2136 834 2174 videmus.
892 2135 1021 2187 Super
1047 2150 1227 2176 carceres
1256 2138 1357 2176 enim
1385 2138 1567 2188 pulvinar
1594 2138 1733 2176 eratin
1754 2148 1879 2188 eoque
1907 2135 2044 2175 sedere
2065 2135 2163 2174 sole-

362 2196 433 2233 bat
457 2196 510 2246 is,
553 2198 618 2248 qui
660 2200 889 2248 spectacula
923 2200 1046 2240 dabat
1079 2202 1147 2250 (cf.
1187 2201 1484 2250 Zangemeister
1519 2203 1614 2238 Arm.
1641 2204 1721 2238 inst.
1750 2200 1849 2238 arch.
1889 2197 1985 2239 1870
2012 2211 2050 2250 p.
2070 2199 2165 2247 2383

365 2260 650 2299 Friedlaender
677 2261 782 2310 apud
812 2262 1127 2313 Marquardtium
1154 2265 1178 2302 1.
1202 2277 1234 2304 c.
1264 2277 1302 2315 p.
1322 2265 1425 2316 502).
1483 2264 1558 2312 Qui
1596 2264 1746 2312 signum
1776 2264 1927 2302 mittere
1954 2267 2166 2314 propterea

364 2322 524 2372 (licitur,
562 2324 669 2374 quod
695 2324 734 2361 id
764 2324 849 2362 dari
885 2327 1040 2366 solebat
1069 2340 1213 2378 mappa
1239 2328 1278 2366 in
1307 2328 1453 2366 circum
1479 2328 1586 2366 iacta
1615 2326 1679 2377 (cf.
1709 2325 1994 2364 Friedlaender
2018 2326 2042 2364 l.
2064 2337 2097 2364 c.
2125 2329 2165 2364 et

363 2386 508 2424 Marini
536 2400 572 2437 p.
595 2389 669 2425 282
697 2387 799 2437 283).
833 2411 875 2416 -
910 2389 1063 2429 Contra
1087 2390 1136 2429 iis
1166 2391 1231 2441 qui
1259 2395 1456 2442 tamquam
1484 2391 1635 2429 iudices
1663 2389 1948 2440 praesidebant
1971 2388 2074 2427 ludis
2096 2387 2162 2438 (cf.

365 2450 507 2487 Marini
533 2462 570 2500 p.
591 2451 695 2499 284),
724 2451 833 2490 locus
864 2453 1090 2503 assignatus
1120 2459 1205 2492 erat
1232 2454 1282 2493 ad
1311 2466 1447 2493 cursus
1475 2454 1678 2492 terminum
1710 2452 1924 2491 indicatum
1942 2452 2046 2490 linea
2072 2451 2164 2490 alba

360 2524 432 2562 per
460 2525 613 2551 arenam
644 2514 763 2553 ducta
789 2519 828 2554 et
856 2517 904 2555 ab
942 2518 1120 2556 obelisco
1159 2517 1313 2567 quidem
1348 2518 1387 2555 in
1424 2517 1538 2568 spina
1573 2517 1703 2567 posito
1731 2527 1801 2566 per
1830 2515 2031 2554 dexteram
2058 2514 2161 2554 illius

360 2579 514 2624 partem
540 2578 769 2616 transeunte
799 2578 1113 2628 (Zangemeister
1140 2581 1162 2619 l.
1185 2592 1216 2619 c.
1246 2592 1283 2630 p.
1307 2580 1410 2630 256).
1465 2580 1758 2631 Appellabatur
1786 2590 1833 2617 ea
1851 2580 1932 2617 calx
1964 2583 2003 2618 et
2035 2582 2162 2617 aetate

360 2638 578 2687 posteriore
607 2647 703 2677 creta.
731 2639 795 2689 (cf.
825 2642 927 2680 Plin.
958 2656 991 2680 n.
1012 2643 1044 2679 Ιι.
1074 2645 1134 2691 35,
1154 2645 1220 2691 58;
1250 2643 1404 2682 Seneca
1431 2657 1511 2694 epp.
1543 2644 1627 2692 108,
1647 2642 1724 2692 32).
1779 2642 1890 2681 Dixit
1917 2642 1966 2680 de
1993 2653 2041 2680 ea.
2066 2645 2160 2693 post

362 2701 709 2740 Friedlaenderum
739 2704 777 2753 (l.
799 2716 831 2742 c.
861 2717 899 2754 p.
920 2704 1010 2755 505)
1041 2711 1079 2743 et
1107 2706 1363 2745 Huebnerum
1391 2707 1489 2756 (ann.
1517 2710 1595 2744 inst.
1626 2707 1724 2744 arch.
1757 2707 1854 2744 1863
1881 2717 1920 2756 p.
1945 2706 2016 2744 150
2032 2704 2159 2756 seqq.)

361 2764 506 2814 optime
536 2765 832 2814 Zangemeister
862 2766 901 2818 (l.
923 2780 954 2806 c.
983 2781 1021 2818 p.
1040 2770 1114 2806 239
1132 2770 1269 2819 seqq).
1323 2769 1390 2808 Ad
1427 2774 1574 2808 cretam
1608 2769 1727 2819 igitur
1760 2768 2018 2820 praesedisse.
2054 2772 2160 2807 recte

362 2827 542 2866 dicuntur
569 2830 739 2867 Arvales
766 2830 805 2867 in
834 2831 932 2868 actis
960 2843 994 2870 a..
1015 2832 1100 2870 219.
1139 2832 1433 2871 Praesidebant
1460 2836 1587 2871 autem
1617 2833 1732 2872 modo
1760 2834 1894 2884 plures
1921 2831 2038 2870 modo
2064 2843 2159 2882 pau-

364 2890 505 2938 ‹eiores3
550 2903 637 2929 nam
666 2892 731 2930 nbi
773 2893 936 2942 primum
979 2895 1060 2933 eius
1102 2896 1156 2933 rei
1197 2895 1340 2934 mentio
1385 2896 1445 2944 fit',
1482 2908 1580 2935 unus
1622 2899 1943 2935 commemoratur
1980 2894 2158 2934 ludorum

363 2964 524 3002 praeses
563 2955 610 3002 (a.
633 2955 678 2993 87
710 2955 785 2994 9οῗ
814 2958 860 2993 91
896 2957 1009 2995 Dom.
1039 2957 1106 3006 C):
1143 2970 1244 2996 anno
1281 2962 1419 2997 contra
1450 2960 1521 2997 105
1551 2963 1641 2997 octo
1668 2959 1838 2998 Arvales
1867 2957 2159 3008 praesidebant,

361 3015 512 3054 scilicet
539 3029 671 3056 omnes
700 3018 927 3058 sacerdotes
967 3020 1033 3070 qui
1070 3021 1109 3058 in
1144 3022 1232 3059 luco
1263 3021 1429 3060 aderant
1456 3027 1623 3072 excepto
1652 3022 1861 3072 magistr03
1891 3021 2001 3059 annis
2029 3022 2159 3060 antem

364 3080 434 3115 118
464 3085 502 3116 et
532 3082 604 3118 120
632 3081 709 3119 duo
738 3082 988 3131 praesedisse
1018 3083 1216 3133 dicuntur,
1246 3084 1358 3122 annis
1389 3086 1479 3133 155,
1511 3086 1581 3123 183
1610 3090 1660 3135 et,
1689 3090 1731 3123 ut
1759 3084 1921 3133 videtur,
1952 3084 2023 3122 186
2050 3084 2158 3122 solus

361 3141 577 3189 proflamen
607 3145 846 3189 nominatur,
884 3146 922 3183 in
958 3147 1056 3185 actis
1085 3147 1227 3185 aetatis
1255 3147 1484 3196 posterioris
1517 3148 1644 3187 denuo
1671 3149 1802 3199 plures
1831 3150 2043 3197 apparent,
2081 3146 2158 3185 dno
2215 3153 2218 3156 ’

362 3210 466 3242 certe
496 3205 532 3242 in
563 3207 660 3245 actis
689 3219 722 3246 a.
748 3210 834 3246 219.
891 3210 954 3247 Ex
983 3211 1177 3249 sententia
1204 3210 1370 3261 deniqne
1399 3222 1530 3249 eorum
1559 3212 1625 3262 qui
1652 3209 1932 3262 praesidebant
1959 3211 2157 3262 magister,

361 3265 442 3305 sive
470 3269 731 3319 promagister
760 3275 854 3322 erat,
884 3272 1300 3325 victoribus'praemia
1329 3274 1471 3326 divisit,
1500 3287 1598 3327 quae
1619 3280 1729 3314 erant
1746 3274 1900 3326 palmae
1930 3279 1969 3313 et
1988 3286 2158 3315 coronae
