2340 3658
398 220 452 262 22
1125 217 1227 254 Sacri
1254 217 1346 252 deae
1373 218 1465 254 Diae

397 338 635 373 enarrantur.
691 335 745 373 Et
772 346 818 373 ea
847 334 1094 385 praesertim,
1132 344 1231 383 quae
1258 333 1491 383 promeridie
1520 336 1587 372 aut
1613 334 1802 384 magister
1829 334 1890 373 vel
1930 334 2192 385 promagister

396 400 465 436 aut
492 399 662 438 Arvales
691 399 864 447 fecerint,
892 397 930 435 in
957 397 1035 434 illis
1064 396 1162 434 actis
1192 397 1413 434 accuratius
1443 397 1743 446 distinguuntur,
1772 409 1859 436 cum
1887 408 1937 435 ex
1963 397 2061 436 actis
2088 397 2190 448 prio·

395 462 501 499 ribus
530 474 666 511 parum
703 463 914 511 appareat,
954 464 1080 498 utrum
1122 457 1326 497 sacrificiis
1369 472 1393 498 a
1433 460 1622 508 magistro
1654 459 1770 498 factis
1806 460 1945 499 fratres
1987 460 2192 510 adfuerint,

395 536 528 562 necne.
582 525 688 562 Aeta
716 536 806 562 vero
836 523 927 561 anni
955 523 1028 559 218
1059 521 1160 559 diem
1189 522 1350 560 alterum
1378 523 1434 560 ita
1462 522 1702 561 celebratum
1731 535 1819 561 esse
1847 522 2079 561 ostendunt:

498 587 641 635 Prima,
670 591 712 625 ut
739 587 904 634 videtur,
932 586 1019 623 luce
1048 585 1236 634 magister
1265 585 1345 623 sive
1374 585 1646 636 promagister,
1675 589 1828 635 sumpta
1854 590 2060 636 praetexta
2087 583 2192 635 (nam

393 650 485 687 licet
518 653 749 699 praetextae
779 655 955 700 sumptae
984 648 1126 686 mentio
1154 660 1342 698 nusquam
1371 651 1488 697 extet,
1518 653 1658 698 postea
1683 651 1814 687 tamen
1843 658 1928 686 eam
1957 647 2188 699 deposuisse

396 711 553 762 dicitur)
582 713 632 751 ad
661 724 765 749 aram
794 723 937 761 porcas
966 711 1063 749 duas
1091 710 1311 760 piaculares
1340 711 1524 749 immolat.
1579 713 1666 750 Ara
1694 713 1823 750 autem
1852 715 1940 749 ante
1960 710 2087 750 lucum
2113 714 2191 750 tra-

399 775 504 813 ditur
532 775 650 813 fuisse
681 772 743 824 (87
775 774 840 824 89)
869 775 1044 824 deaeque
1073 774 1172 812 Diae
1194 773 1378 812 dedicata
1397 778 1482 812 erat
1508 773 1573 824 (59
1593 775 1640 813 69
1661 773 1708 814 72
1730 774 1808 823 81),
1835 778 1874 812 et
1894 773 2193 812 immolabantur

399 849 546 887 porcae
575 838 718 887 piaculi
746 849 868 876 causa
893 839 972 875 luco
1002 839 1232 885 coinquienai
1259 844 1290 875 et
1315 839 1434 887 operis
1451 839 1636 886 faciundi.
1675 838 1873 887 Cofirzqaeref
1901 836 1981 875 sive
2010 839 2195 887 coinquire

395 901 497 938 idem
526 912 613 939 esse
643 906 759 951 atque
788 900 948 939 coHrcere
969 901 1118 938 Paulus
1139 900 1339 938 Diaconus
1361 905 1498 938 auctor
1517 905 1578 939 est
1605 900 1658 951 (p.
1676 902 1722 938 65
1742 901 1807 949 M„
1837 900 1883 938 cf.
1901 900 2046 938 Marini
2060 901 2193 951 p.65):

393 964 503 1001 lucus
534 968 661 1001 autem
690 968 893 1002 coercetur
937 963 1164 1013 deputando
1206 974 1332 1000 ramos
1374 963 1655 1012 exuberantes,
1697 975 1859 1013 eamque
1900 962 1951 1002 ad
1991 974 2071 1001 rem
2106 974 2192 1001 eum

391 1026 534 1064 ferrum
562 1027 600 1063 in
631 1027 756 1064 lucum
784 1026 1025 1064 inferendum
1054 1030 1170 1075 esset,
1199 1026 1239 1063 id
1267 1025 1373 1076 quod
1400 1026 1589 1075 religione
1609 1026 1903 1076 prohibebatur,
1930 1025 2091 1076 piacula
2108 1025 2195 1064 fieri

394 1101 554 1126 necesse
583 1095 678 1128 erat.
735 1090 817 1127 Iam
846 1101 937 1127 vero
969 1101 1054 1127 cum
1082 1089 1147 1127 illo
1177 1088 1238 1126 die
1260 1089 1419 1127 arbores
1441 1102 1518 1127 non
1539 1089 1744 1128 videantur
1764 1089 2031 1139 eoinquendae
2059 1089 2193 1138 fuisse,

394 1163 464 1189 nec
493 1153 618 1201 magis
649 1152 700 1190 ad
728 1164 812 1190 eum
834 1152 968 1190 referri
996 1152 1101 1202 quod
1123 1152 1265 1190 dicitur
1286 1151 1333 1190 de
1364 1163 1482 1202 opere
1503 1152 1695 1201 faciendo,
1725 1152 1869 1202 quippe
1891 1152 1995 1202 quod
2013 1150 2059 1190 de
2075 1163 2194 1202 opere

393 1220 599 1263 usurpetur
627 1226 780 1263 eorum,
811 1228 834 1253 a
861 1216 1002 1265 quibus
1039 1216 1199 1254 arbores
1238 1214 1506 1264 coinquendae
1543 1215 1603 1253 vel
1637 1214 1832 1253 eruendae
1868 1219 1908 1254 et
1941 1215 2192 1266 reponendae

393 1281 506 1314 erant
546 1289 716 1328 araeque
745 1279 982 1328 temporales
1011 1278 1264 1327 reficiendae,
1294 1278 1542 1317 statuendum
1570 1282 1666 1328 puto
1694 1278 1769 1316 hoc
1797 1278 2029 1317 sacrificium
2057 1278 2192 1329 piacu-

389 1339 470 1377 lare
500 1340 645 1378 factum
675 1353 762 1379 esse
790 1347 954 1392 propter
981 1353 1102 1391 opera
1129 1352 1229 1391 quae
1257 1345 1340 1379 toto
1366 1341 1433 1379 illo
1462 1352 1562 1378 anno
1582 1341 1741 1379 fiebant.
1770 1363 1818 1369 --
1844 1342 1904 1380 De
1932 1341 2061 1380 verbis
2094 1341 2193 1392 ipsis

393 1407 488 1440 nota
515 1403 551 1440 in
580 1404 678 1441 actis
709 1404 991 1454 antiquioribus
1021 1404 1208 1453 scriptum
1238 1415 1326 1442 esse
1354 1405 1434 1442 luco
1463 1405 1693 1453 coinquz'endc·
1720 1404 1780 1443 vel
1808 1405 2022 1454 eoinquendz‘
2048 1403 2110 1454 (87
2141 1405 2190 1443 89

388 1466 436 1502 90
465 1464 600 1503 DOM.
624 1465 655 1503 C
689 1468 758 1505 105
791 1466 880 1515 117;
929 1468 1008 1504 luco
1047 1468 1282 1516 coinquiendo
1321 1468 1412 1515 120,
1441 1466 1704 1517 quadratarii,
1747 1471 1789 1506 ut
1817 1467 1989 1516 videtur,
2029 1468 2193 1516 errore);

389 1528 529 1577 quibus
558 1529 774 1578 significari
809 1531 915 1581 quod
955 1535 1016 1568 est
1049 1533 1085 1567 in
1114 1531 1193 1568 luco
1223 1532 1475 1580 coinquienfi,
1517 1530 1667 1569 seilicet
1706 1531 1888 1579 arbores,
1930 1542 2017 1568 cum
2052 1542 2123 1580 per
2152 1541 2194 1568 se

389 1596 557 1640 apparet
584 1599 662 1630 tum
691 1597 735 1631 eo·
767 1594 1014 1632 confirmatur
1043 1592 1146 1643 quod
1178 1594 1297 1631 verba
1325 1605 1426 1643 quae
1455 1598 1667 1644 sequuntur
1694 1596 1812 1643 operis
1836 1595 2006 1642 faciendi
2031 1593 2123 1631 item
2144 1593 2194 1631 ad

392 1666 513 1704 opera
540 1656 736 1705 pertinent
763 1656 801 1693 in
822 1656 909 1694 luco
925 1656 1115 1695 facienda.
1156 1656 1395 1695 Posterioris
1419 1666 1548 1696 tamen
1570 1657 1710 1696 aetatis
1731 1661 1821 1695 aeta
1835 1655 2023 1694 exhibent
2048 1656 2192 1694 formas

391 1717 482 1755 has:
511 1719 582 1755 ἰιιοί
600 1720 851 1767 competendi,
879 1721 1107 1769 coinquendi,
1136 1720 1370 1757 coi‘tzclzuendc'
1398 1721 1488 1770 (118
1520 1721 1591 1759 119
1623 1721 1693 1759 155
1725 1720 1795 1758 183
1817 1720 1890 1757 213
1910 1718 2015 1770 218),
2042 1723 2086 1758 ut
2103 1720 2194 1769 ipsa

393 1781 681 1830 coniungantur
710 1782 832 1820 verba
860 1795 958 1833 quae
989 1787 1078 1822 sunt
1105 1784 1205 1820 lucus
1233 1788 1271 1820 et
1298 1787 1494 1833 coinquire.
1527 1807 1570 1811 —
1601 1783 1806 1831 Porcilias,
1834 1781 1934 1821 utin
1953 1782 2049 1822 actis
2070 1794 2105 1822 a.
2123 1783 2194 1836 183

389 1845 462 1881 213
491 1845 565 1881 218
596 1844 783 1894 scriptum
811 1850 883 1895 est,
913 1845 1105 1884 Marinius
1134 1846 1188 1895 (p.
1209 1847 1296 1895 306,
1326 1846 1374 1884 cf.
1403 1854 1474 1885 not.
1509 1849 1655 1884 Tironis
1676 1859 1714 1897 p.
1732 1845 1800 1884 167
1823 1845 1882 1884 ed.
1904 1844 2034 1895 Grut.)
2062 1845 2196 1885 docuit

390 1918 475 1943 esse
504 1918 648 1956 porcas
678 1902 882 1958 lactentes,
910 1909 1050 1959 quibus
1080 1921 1200 1959 saepe
1230 1909 1304 1947 diis
1334 1911 1592 1949 sacrificatum
1621 1921 1708 1948 esse
1730 1912 1884 1946 constat
1911 1908 2073 1959 (Marini
2090 1909 2115 1947 l.
2131 1908 2194 1959 c.).

390 1969 507 2006 Adde
537 1970 644 2020 quod
671 1983 794 2021 porca
824 1972 960 2010 Cereri
998 1973 1385 2022 potissimum‘sacra
1414 1978 1498 2012 erat
1533 1973 1573 2023 (l.
1596 1986 1628 2012 e.
1657 1985 1693 2022 p.
1717 1972 1819 2020 308),
1850 1970 1974 2010 Ceres
2001 1982 2092 2010 vero
2118 1973 2194 2010 Ar-

390 2032 531 2070 valium
561 2033 658 2072 deae
686 2035 787 2072 Diae
816 2035 962 2073 similis.
1018 2036 1128 2074 Duae
1166 2041 1294 2074 autem
1328 2048 1471 2087 porcae
1499 2037 1764 2084 immolantur,
1799 2039 1841 2073 ut
1874 2035 1988 2073 binae
2018 2034 2195 2073 victimae

389 2095 552 2144 singulis
584 2096 802 2135 numinibus
836 2102 916 2135 tum
952 2098 1165 2137 sacrificari
1202 2099 1350 2149 solent,
1388 2112 1475 2138 cum
1511 2101 1560 2138 ob
1598 2100 1757 2138 arbores
1794 2098 1950 2136 fulmine
1977 2099 2106 2136 tactas
2134 2097 2195 2136 vel

389 2157 502 2196 ficum
551 2158 589 2197 in
633 2160 743 2199 aedis
792 2161 951 2210 fastigio
998 2167 1131 2201 natam
1162 2162 1310 2201 maiora
1349 2163 1507 2213 piacula
1554 2162 1734 2202 facienda
1774 2166 1885 2200 erant
1929 2161 1993 2210 (cf.
2038 2160 2195 2211 piacula

390 2222 563 2270 maiora).

496 2285 684 2324 Perfecto
714 2286 903 2325 sacrificio
931 2288 1124 2337 piaculari
1156 2288 1374 2326 immolavit
1408 2287 1595 2337 magister
1630 2287 1941 2338 promagisterve
1970 2286 2066 2326 deae
2093 2286 2193 2326 Diae

397 2360 557 2387 vaccam
583 2348 833 2388 honorariam
862 2351 1004 2399 albam,
1035 2363 1151 2401 quam
1178 2352 1268 2390 inde
1289 2351 1528 2402 appellatam
1548 2362 1648 2399 esse,
1677 2351 1781 2400 quod
1803 2363 1878 2389 non
1897 2351 2041 2400 piaculi
2062 2362 2195 2399 eausa,

391 2416 436 2449 ut
463 2423 621 2460 porcae,
643 2412 713 2449 sed
732 2413 783 2450 ob
803 2412 990 2452 honorem
1019 2415 1116 2454 deae
1137 2415 1358 2454 sacrificata
1386 2414 1446 2463 sit,
1475 2413 1571 2452 vidit
1590 2413 1777 2452 Marinius
1798 2414 1851 2463 (p.
1869 2413 1959 2464 310)
1987 2415 2193 2453 conferens

393 2475 498 2523 quod
529 2475 732 2513 Arnobius
766 2477 864 2520 (adv.
893 2483 968 2516 nat.
989 2480 1024 2524 7,
1046 2480 1107 2526 18)
1139 2479 1236 2516 dicit
1263 2477 1420 2515 honoris
1449 2481 1488 2515 et
1513 2476 1754 2515 reverentiae
1783 2488 1903 2516 causa
1930 2477 2092 2516 mactari
2120 2477 2194 2516 diis

390 2536 549 2576 hostias.
609 2538 804 2576 Candidis
834 2539 998 2579 victimis
1029 2541 1102 2580 diis
1124 2543 1297 2592 superis,
1332 2541 1465 2579 inferis
1494 2541 1617 2590 nigris
1654 2540 1867 2579 sacrificari
1893 2540 1995 2579 idem
2023 2540 2062 2592 (1.
2082 2553 2115 2580 c.
2147 2542 2192 2579 19

387 2600 451 2648 20)
482 2600 658 2651 affirmat,
688 2606 726 2638 et
753 2613 841 2639 cum
867 2602 1066 2642 Iuvenalis
1103 2605 1180 2654 (10,
1201 2606 1266 2655 66)
1290 2605 1451 2654 ,scribat
1484 2607 1672 2642 cretatum
1708 2604 1847 2642 bovem
1886 2603 1976 2642 duci
2002 2604 2042 2642 in
2071 2602 2190 2654 Capi-

390 2662 537 2712 tolium,
566 2662 751 2701 doeemur
779 2665 955 2704 victimas
985 2672 1026 2706 ut
1047 2668 1178 2706 aurari
1198 2669 1380 2707 solebant
1397 2667 1453 2706 ita
1471 2667 1587 2705 etiam
1606 2670 1715 2705 creta
1734 2667 1855 2706 illitas
1875 2678 1974 2706 esse.
1987 2666 2192 2706 -Vacca

387 2726 426 2763 in
455 2726 554 2764 actis
584 2725 740 2776 quidem
769 2727 1052 2778 antiquioribus
1081 2743 1157 2769 non
1186 2730 1326 2769 dicitur
1353 2731 1419 2769 ubi
1437 2730 1636 2768 immolata
1654 2730 1715 2780 sit,
1745 2730 1817 2769 sed
1845 2743 1931 2770 cum
1959 2731 2190 2770 sacrificium
2249 2739 2254 2746 ·

394 2789 606 2838 praecedat
626 2801 832 2839 porcarum
859 2791 910 2828 ad
939 2804 1046 2832 aram
1073 2793 1170 2832 deae
1189 2794 1289 2833 Diae
1308 2795 1467 2843 factum,
1495 2804 1640 2832 vaceae
1661 2798 1790 2832 autem
1812 2794 2022 2834 immolatio
2040 2794 2190 2834 inserta

389 2853 533 2902 copula
573 2853 700 2890 demde
743 2851 807 2903 (59
836 2852 884 2892 72
912 2856 958 2893 81
989 2856 1034 2894 87
1065 2856 1191 2896 DOM.
1216 2856 1267 2905 C)
1308 2858 1369 2896 vel
1400 2860 1482 2895 item
1523 2856 1604 2907 (69)
1632 2856 1807 2906 proxime
1828 2861 2024 2907 sequatur,
2053 2857 2189 2896 eodem

387 2926 471 2953 eam
499 2916 587 2954 loco
614 2916 850 2955 immolatam
886 2929 972 2956 esse
1010 2919 1089 2957 veri
1125 2920 1247 2958 simile
1283 2925 1352 2959 est.
1409 2920 1458 2958 Id
1494 2920 1721 2958 confirmant
1757 2924 1848 2958 aeta
1880 2919 2022 2959 aetatis
2058 2924 2190 2971 poste-

388 2977 514 3026 rioris,
544 2978 684 3028 quibus
713 2985 893 3019 enarrate
923 2993 1129 3031 porcarum
1158 2983 1350 3021 sacrificio
1381 2983 1432 3021 ad
1468 2995 1574 3021 aram
1602 2982 1700 3021 deae
1728 2982 1828 3022 Diae
1855 2983 1960 3022 facto
1990 2980 2190 3034 ibi-vacca

390 3051 545 3090 quoque
574 3041 771 3081 immolata
807 3055 894 3081 esse
929 3043 1096 3083 traditur
1123 3047 1227 3095 (105
1271 3046 1339 3084 117
1385 3048 1455 3084 118
1501 3047 1571 3084 119
1616 3046 1687 3084 120
1732 3047 1802 3084 155
1843 3036 2069 3086 MARC.E
2114 3047 2187 3085 183

389 3104 464 3140 213
494 3103 598 3154 ⁶218).
653 3105 762 3144 Nota
802 3111 931 3145 tamen
967 3107 1196 3146 sacrificium
1232 3121 1377 3147 vaccae
1413 3120 1491 3146 non
1525 3108 1662 3147 eodem
1700 3109 1814 3147 modo
1843 3109 1926 3148 fieri
1952 3113 2073 3160 atque
2097 3121 2186 3160 por-

390 3177 534 3215 carum,
564 3179 649 3205 cum
678 3179 754 3206 non
783 3169 834 3207 ad
861 3170 988 3220 ipsam
1016 3182 1122 3218 aram
1151 3182 1273 3209 vacca
1301 3171 1500 3211 immolata
1527 3183 1613 3211 esse
1642 3172 1818 3221 dicatur,
1841 3172 1910 3211 sed
1938 3172 1989 3210 ad
2016 3172 2187 3212 foculum

389 3240 512 3278 prope
557 3242 681 3280 aram,
723 3228 765 3269 ut
806 3233 978 3282 videtur,
1020 3233 1188 3283 positum
1231 3234 1298 3283 (90
1326 3234 1454 3274 DOM.
1480 3235 1512 3273 C
1547 3237 1618 3274 105
1650 3236 1719 3273 118
1751 3236 1821 3273 120
1853 3236 1924 3273 155
1957 3233 2130 3273 ΜΑΒΟ.
2153 3235 2186 3274 Ε

392 3291 491 3341 183).
547 3291 669 3332 Cuius
699 3307 934 3346 quamquam
969 3296 1006 3334 in
1042 3297 1142 3335 actis
1172 3309 1204 3334 a.
1232 3298 1306 3335 213
1335 3303 1373 3336 et
1400 3299 1473 3337 218
1510 3299 1652 3338 mentio
1687 3310 1762 3337 non
1797 3298 1861 3349 fit,
1898 3296 2016 3336 nihilo
2054 3303 2186 3338 tamen
