2340 3658
947 191 1050 229 Nero
1075 180 1264 229 Claudius.
1415 233 1418 236 ‚
1902 205 2006 231 Lxm

404 854 630 904 kalendis)
658 854 912 903 Ianuarsiis)

208 926 255 966 L.
287 923 457 966 Salvius
487 920 597 965 Otho
630 922 816 963 Titianus
838 920 868 976 ¹)
893 934 974 974 pro
1005 921 1200 974 mayistro
1232 920 1392 972 colleqii

267 991 445 1035 fratrum
473 990 690 1032 Arvalium
716 992 878 1032 nomine
906 992 950 1031 iu
982 989 1187 1043 Capitolio

267 1059 322 1102 ob
343 1060 522 1102 alterum
543 1061 878 1110 cosrerffllatum)
900 1059 1076 1100 Neronis
1094 1058 1241 1099 Claudi
1258 1058 1491 1108 caessaris)
1509 1057 1721 1110 Anysusti)
1739 1053 2012 1104 Gernesanict‘)

269 1129 362 1171 Iovi
392 1127 592 1184 o(pti1no)
621 1127 844 1183 m(axim0)
874 1127 1021 1170 bovem
1051 1141 1217 1178 marem,
1246 1129 1396 1169 Iunoni
1425 1140 1606 1180 vaccam,
1636 1126 1845 1166 Mineruae

231 1219 240 1226 ·
268 1210 456 1252 vaccam,
488 1202 530 1240 et
559 1203 655 1239 ante
683 1198 871 1250 templum
900 1211 1047 1239 novom
1077 1197 1171 1239 divo
1200 1198 1384 1252 Anyusto
1415 1197 1594 1247 Movent)

267 1279 427 1309 marem
458 1270 500 1310 et
529 1266 655 1310 divae
683 1267 893 1320 Auyustae
921 1270 1131 1317 flacc-(am)
1161 1273 1199 1308 et
1229 1267 1325 1308 divo
1357 1266 1530 1308 Claudio
1561 1265 1739 1315 bsovem)
1769 1275 1923 1303 marem

268 1336 518 1379 immolavit.

183 1512 186 1513 ⁷
253 1475 512 1521 Fragmentum
545 1476 676 1512 litteris
706 1477 791 1512 altis
822 1477 908 1512 mill.
934 1477 1049 1513 9—-12
1081 1479 1264 1523 repertum
1297 1477 1333 1510 in
1366 1477 1473 1511 vinea
1505 1474 1811 1510 Geecarelliorum
1842 1486 1874 1509 a.
1900 1474 1976 1509 fere

688 1536 791 1578 1858,
815 1547 910 1572 nunc
934 1535 1032 1583 apud
1058 1535 1241 1580 Angelum
1267 1536 1541 1580 Pellegrinium.

309 1610 513 1657 Descripsi.
552 1611 664 1646 Edidi
690 1612 727 1647 in
751 1613 845 1647 Ama.
878 1615 961 1647 inst.
986 1614 1083 1648 arch.

217 1669 308 1705 1858
331 1681 367 1715 p.
380 1669 426 1705 51
453 1681 499 1704 ex
524 1671 737 1717 apographo
761 1671 990 1717 Pellegrinii.

308 1727 485 1763 Dubitavi
511 1728 597 1763 olim
623 1740 669 1764 an
693 1730 822 1764 referri
840 1734 971 1776 posset
988 1730 1084 1775 frag-

216 1789 376 1821 mentum
400 1785 448 1821 ad
472 1798 504 1822 a.
522 1789 579 1831 69,
605 1799 677 1834 quo
696 1788 818 1824 Galba
841 1790 972 1824 iterum
998 1800 1084 1824 con-

219 1844 278 1879 sul
303 1847 342 1879 et
366 1844 514 1881 Salvius
539 1845 637 1882 Otho
657 1847 827 1882 Titianus
854 1847 974 1882 denuo
1000 1858 1085 1894 pro·

217 1904 392 1948 magister
424 1908 501 1939 erat
538 1905 598 1949 (cf.
631 1917 663 1941 a.
681 1905 757 1952 69),
792 1906 859 1941 sed
894 1906 1083 1941 breviores

218 1972 348 1996 versus
380 1965 467 1997 sunt
501 1974 607 2009 quam
643 1965 706 2009 qui
735 1964 883 1999 tabulae
918 1965 1005 1999 anni
1039 1966 1084 2001 69

219 2029 305 2054 esse
323 2021 476 2067 possint.
507 2019 590 2056 Nec
607 2022 774 2068 intellegi
791 2027 917 2070 potest
937 2022 1084 2058 Claudii

217 2078 431 2115 con-alatus
445 2079 549 2122 alter,
571 2080 668 2126 quod
682 2091 714 2116 a.
726 2080 773 2116 42
789 2092 862 2127 quo
878 2082 939 2116 hic
955 2083 1084 2116 iterum

218 2138 348 2173 consul
373 2138 460 2181 fuit,
495 2138 654 2173 nondum
679 2139 773 2174 inter
800 2139 906 2175 divos
931 2144 1084 2186 recepta

219 2200 296 2232 erat
320 2196 415 2233 Iulia
438 2198 609 2243 Augusta
640 2198 702 2243 (cf.
726 2209 759 2233 a.
784 2199 855 2243 43).
911 2197 1087 2244 Sequitur

1152 1616 1189 1647 ut
1227 1612 1273 1646 ad
1305 1623 1436 1647 annum
1468 1613 1514 1648 57
1552 1611 1791 1656 fragmentum
1828 1610 2015 1652 reseratur,

1153 1682 1224 1718 quo
1242 1670 1345 1706 Nero
1370 1673 1500 1706 iterum
1525 1670 1648 1705 fasces
1674 1669 1805 1713 gessit.
1853 1668 2015 1703 Littera-

1153 1741 1229 1765 rum
1266 1735 1385 1764 autem
1423 1728 1521 1775 quod
1558 1728 1715 1764 altitudo
1742 1727 1865 1774 paullo
1901 1728 2019 1761 minor

1154 1793 1210 1823 est
1236 1800 1342 1834 quam
1374 1790 1410 1823 in
1436 1788 1571 1823 ceteris
1603 1788 1698 1822 actis
1729 1787 1812 1820 anui
1843 1786 1905 1825 57,
1936 1796 2017 1819 cum

1154 1849 1270 1883 forma
1295 1847 1428 1883 similis
1455 1847 1521 1889 sit,
1548 1857 1618 1881 non
1646 1844 1812 1887 offendit,
1839 1855 1919 1879 cum
1947 1843 2017 1878 hoc

1154 1907 1393 1952 fragmentum
1425 1906 1460 1940 in
1492 1906 1613 1952 priore
1649 1903 1776 1938 tabula
1801 1903 1907 1938 huius
1933 1903 2018 1937 anni

1153 1965 1273 2007 fuerit,
1300 1968 1423 2000 cetera
1447 1966 1483 1999 in
1510 1965 1636 1999 altera.

1249 2024 1274 2067 ¹)
1298 2024 1343 2059 L.
1380 2022 1495 2058 Salvii
1528 2022 1684 2058 Othonis
1715 2021 1856 2056 Titiani
1887 2030 2019 2055 nomen

1154 2083 1289 2128 recepi,
1316 2081 1414 2128 quod
1440 2081 1549 2116 nimis
1574 2082 1695 2116 brevis
1714 2081 1922 2115 efficeretur
1938 2090 2018 2114 ver-

1152 2151 1217 2176 sus
1242 2140 1291 2175 M.
1318 2140 1433 2176 Salvii
1458 2139 1616 2176 Othonis
1642 2139 1787 2174 nomine
1813 2137 1988 2172 admisso.
