2340 3658
43 3555 48 3562 ,
19 3197 58 3523 *vegam-Gra?
35 3148 55 3180 ,a
22 3100 54 3131 1..
42 2936 44 2938 .
46 2909 48 2912 .
47 2821 63 2877 ⁵..
23 2785 54 2800 ,“
51 2694 54 2696 ⁴
47 2536 56 2550 ,⁴
49 2493 54 2498 ⁴.
53 2448 57 2454 ἱ
43 2279 45 2283 .
39 2171 48 2176 ,
40 2083 43 2085 v

66 3646 75 3658 ,
67 3439 69 3441 .

945 197 1027 234 dies
1051 196 1249 236 secundus.
1940 200 1996 244 33

195 315 238 354 in
263 313 472 364 collegium
497 314 675 365 cooptati
700 325 777 352 non
795 316 922 364 erant,
950 314 1180 354 sacerdotes
1198 325 1289 353 vero
1309 314 1422 362 clusi,
1450 316 1560 353 veste
1581 313 1795 362 succincta,
1825 318 1999 366 acceptis

195 377 362 427 libellis,
395 389 551 416 carmen
585 377 862 417 descindentes
896 377 1090 427 (dicentes
1126 378 1218 429 219)
1251 378 1563 428 tripodaverunt.
1618 376 1851 416 Succinctos
1880 380 2002 419 tradit

195 441 407 492 Dionysius
423 439 792 480 Halicarnasseusis
808 439 1020 491 (τηβέννας
1039 438 1390 490 ἐμπεπορπημένοι
1410 435 1742 490 περιπορφύρους
1764 454 2002 492 φοινικοπα-

196 500 354 558 ρύφους
369 505 406 552 2,
422 501 471 542 ’10
490 504 539 542 cf.
560 503 747 543 Mal-iuius
774 516 812 554 p.
831 503 924 555 595)
951 503 1119 543 saltasse
1146 503 1291 544 Salios.
1328 506 1462 554 Atque
1490 506 1533 541 ut
1559 502 1698 540 horum
1727 504 1898 542 carmina
1919 506 2000 544 sive

195 571 405 606 axameuta
431 577 479 604 ne
505 566 603 617 ipsis
630 566 788 618 quidem
823 565 1097 605 sacerdotibus
1133 567 1229 606 satis
1256 567 1587 615 intellegebantur
1613 564 1796 615 (Quintil.
1819 568 1853 615 1,
1869 568 1903 615 6,
1918 567 2000 618 40),

194 630 251 669 ita
276 629 481 669 Arvalium
507 642 664 681 qnoque
691 641 846 669 carmen
865 634 1028 680 propter
1046 632 1282 669 vetustatem
1302 630 1401 680 ipsis
1420 628 1608 667 fratribus
1642 628 1851 667 obscurum
1878 629 2000 669 fuisse

197 704 284 732 cum
312 704 385 743 per
411 704 453 731 sc
481 693 688 743 probabile
714 697 775 733 est
809 696 889 732 tum
924 704 971 731 eo
1008 693 1257 732 confirmatur
1285 692 1392 744 qnod
1420 703 1579 731 carmen
1608 703 1686 729 non
1713 691 1898 731 dicebant
1926 693 2001 732 nisi

194 755 343 794 libellis
370 756 568 807 acceptis,
609 757 762 796 scilicet
799 768 848 795 ne
886 756 926 794 in
959 756 1164 795 recitando
1200 760 1377 795 errarent
1402 755 1676 806 piaculumque
1705 756 2001 795 committerent.

198 818 387 869 Similiter
413 819 462 858 de
490 820 614 859 sacris
641 820 782 860 Isiacis
802 819 995 870 Apuleius
1026 820 1191 863 (Metam.
1214 821 1273 869 11,
1292 819 1381 867 l'U:
1409 826 1503 865 tunc,
1530 818 1667 868 inquit,
1695 831 1736 856 ex
1762 818 1816 856 his
1842 818 1912 867 (sc.
1933 822 2001 856 ini-

199 884 311 924 tiam)
340 895 433 921 unus
460 895 564 933 quem
589 887 707 923 cumi
730 889 958 934 yrammatea
984 883 1163 929 dicebant,
1186 883 1418 933 proforibus
1434 885 1612 927 assistens,
1630 888 1729 919 coetu
1738 883 2003 932 pastophorum

231 976 239 984 .
261 975 270 983 .
296 976 304 983 .
324 946 419 984 velut
455 948 495 984 in
528 950 726 985 contionem
759 952 908 992 vocato,
941 947 1100 984 indidem
1133 948 1179 984 de
1213 947 1356 984 sublimi
1388 951 1554 996 squestu
1581 946 1625 982 de
1660 945 1773 991 libro,
1807 946 1852 983 de
1877 946 2004 983 litteris

194 1010 328 1058 saccata
353 1016 440 1047 vota
462 1011 659 1059 praefatus
681 1038 883 1049 .......
902 1012 1086 1047 renuntiat
1116 1013 1191 1048 cet.
1244 1010 1306 1048 De
1334 1009 1573 1048 carminibus
1610 1012 1783 1046 veterum
1811 1008 1859 1046 cf.
1886 1009 2001 1047 Mari-

198 1071 284 1111 nius
312 1072 367 1122 (p.
383 1073 458 1111 595
474 1074 616 1124 seqq.).
640 1096 692 1102 —
718 1074 873 1112 Carmen
891 1073 1098 1110 deso-indere
1123 1072 1226 1110 idem
1251 1072 1343 1110 mihi
1370 1072 1554 1122 probavit
1582 1083 1669 1110 esse
1696 1071 2004 1120 intellegendum

199 1135 416 1182 discindere,
442 1135 467 1175 i.
485 1147 518 1175 e.
547 1135 812 1186 κατασχίζειν,
839 1136 987 1175 dictum
1014 1140 1143 1174 autem
1170 1147 1257 1174 esse
1276 1147 1349 1186 pro
1366 1135 1572 1174 recitando
1599 1142 1639 1173 et
1658 1134 1772 1185 quasi
1790 1133 2002 1173 dividendo

195 1209 351 1237 carmen
379 1210 429 1236 ex
457 1210 616 1237 numero
644 1201 686 1238 et
712 1199 913 1250 rhythmo,
945 1199 1078 1249 itaque
1111 1199 1351 1237 descindentes
1386 1211 1532 1236 carmen
1565 1199 1756 1248 tripodam
1783 1196 1886 1235 idem
1913 1209 2001 1236 esse

195 1265 314 1312 atque
341 1274 487 1299 carmen
511 1264 632 1312 scrire
652 1264 746 1313 pede
773 1262 982 1314 (Calpurn.
1011 1264 1074 1301 ecl.
1101 1263 1138 1311 4,
1161 1262 1254 1310 1283
1282 1261 1331 1299 cf.
1361 1260 1476 1300 Ovid.
1506 1264 1595 1300 trist.
1623 1261 1661 1310 4,
1684 1262 1743 1308 10,
1763 1259 1843 1310 50).
1897 1260 2002 1299 Nam

196 1324 303 1376 quod
329 1325 591 1364 Mommsenus
618 1326 825 1376 proposuit
864 1326 1070 1364 descendere
1109 1337 1188 1363 non
1230 1324 1425 1363 diversum
1466 1335 1554 1362 esse
1589 1335 1614 1363 a
1651 1324 1886 1370 dest-idendo,
1925 1322 2002 1362 hoc

198 1392 326 1427 autem
342 1388 563 1437 significare
577 1401 752 1439 separare
769 1402 807 1427 se
822 1403 847 1427 a
865 1395 1025 1436 caterva,
1050 1391 1090 1426 in
1110 1394 1237 1439 partes
1259 1391 1326 1435 ire,
1351 1392 1395 1426 ut
1414 1388 1584 1426 Arvales
1616 1399 1702 1425 cum
1724 1386 2001 1426 descindentes

195 1454 394 1498 canerent,
422 1451 580 1490 alternis
616 1457 656 1490 et
691 1453 805 1503 quasi
841 1451 1089 1491 hemichoriis
1117 1451 1364 1502 tripodarent
1390 1451 1448 1500 (C.
1470 1452 1503 1488 I.
1524 1451 1573 1488 L.
1597 1452 1615 1487 l
1643 1462 1682 1500 p.
1706 1451 1790 1499 10),
1825 1452 1866 1488 et
1899 1451 2003 1490 falsa

196 1514 331 1553 nititur
355 1514 679 1564 interpretatione
707 1516 890 1555 vocabuli
916 1516 1143 1553 dese-iderunt
1161 1514 1237 1553 alio
1258 1514 1346 1552 loco
1375 1514 1574 1563 usurpati,
1602 1513 1652 1551 de
1680 1525 1761 1563 qua
1787 1519 1878 1552 ante
1919 1513 2002 1551 dixi

195 1577 249 1627 (p.
263 1574 343 1626 32),
371 1581 411 1615 et
437 1576 510 1616 hoc
537 1578 626 1617 loco
654 1590 811 1617 carmen
838 1578 1009 1629 pendere
1044 1590 1069 1616 a
1104 1577 1373 1616 descindendo
1400 1589 1476 1615 non
1504 1588 1528 1616 a
1554 1575 1793 1624 tripodando
1820 1580 1913 1615 acta
1939 1587 2000 1615 os-

196 1638 366 1678 tendunt
383 1640 576 1691 anni219,
603 1642 643 1680 in
671 1643 813 1693 quibus
832 1653 906 1693 pro
927 1640 1057 1679 verbis
1085 1653 1230 1678 carmen
1257 1642 1497 1679 descindentes
1524 1645 1615 1679 sunt
1641 1653 1786 1678 carmen
1801 1641 2000 1686 fidentes).

303 1701 390 1741 Iam
419 1708 633 1754 sequuntur
658 1706 780 1745 verba
805 1704 988 1743 carminis
1016 1703 1258 1743 celeberrimi
1284 1703 1324 1742 in
1352 1704 1446 1742 solis
1474 1704 1573 1742 actis
1601 1704 1726 1741 a.218
1755 1708 1922 1751 servata,
1952 1703 2001 1742 de

195 1760 345 1815 quibus
373 1777 459 1804 cum
487 1768 829 1816 grammaticorum
863 1767 995 1819 potius
1029 1767 1283 1816 investigatio
1318 1767 1370 1805 sit
1402 1768 1453 1806 ab
1482 1766 1595 1804 huius
1625 1765 1755 1816 operis
1783 1765 1935 1804 ratione
1962 1771 2002 1805 et

196 1827 363 1867 consilio
390 1829 531 1878 aliena,
558 1841 694 1869 eorum
719 1831 842 1870 libros
870 1841 1008 1869 moneo
1036 1834 1077 1868 ut
1096 1830 1307 1868 consulant
1332 1830 1474 1881 quibus
1505 1829 1575 1867 illa
1593 1829 1726 1867 studia
1742 1828 1870 1877 magis
1889 1829 2001 1867 cordi

197 1892 301 1929 sunt.
341 1889 511 1941 Scripsit
539 1896 669 1931 autem
695 1893 744 1931 de
765 1894 935 1932 carmine
962 1893 1167 1932 Arvalium
1193 1894 1347 1932 ultimus
1375 1894 1639 1932 Mommsenus
1666 1892 1724 1940 (C.
1745 1892 1779 1929 I.
1797 1892 1846 1929 L.
1870 1894 1903 1940 1,
1920 1892 1999 1942 28),

196 1953 303 2005 apud
331 1966 447 2005 quem
474 1956 681 2005 primarios
708 1961 942 1996 memoratos
970 1955 1117 1995 videsis
1145 1961 1327 1996 auct-ores
1356 1957 1423 2007 qui
1449 1956 1498 1994 de
1526 1968 1574 1994 eo
1601 1958 1719 1994 autea
1744 1959 1922 2004 egerunt.

234 2023 255 2044 ⁴
299 2016 403 2056 Post
427 2019 730 2068 tripodationem
758 2020 871 2069 signo
900 2019 992 2059 dato
1019 2020 1253 2058 introierunt
1286 2019 1432 2069 publici
1459 2025 1499 2057 et
1525 2019 1678 2058 libellos
1706 2021 1942 2068 receperunt
1960 2018 2000 2069 ¹),

197 2079 431 2120 sacerdotes
460 2093 553 2121 vero
580 2083 686 2132 (nam
712 2083 784 2122 hos
811 2083 920 2134 ipsos
948 2083 1144 2122 indicatos
1173 2094 1260 2121 esse
1287 2093 1335 2120 ex
1362 2082 1410 2120 iis
1438 2095 1540 2133 quae
1569 2085 1790 2133 sequnntur
1817 2083 1999 2131 apparet)

196 2146 286 2181 ante
312 2143 469 2184 ianuam
497 2145 595 2184 deae
620 2146 722 2184 Diae
749 2146 822 2195 (sc.
850 2146 977 2196 aedis)
1005 2146 1273 2195 adsteterunt,
1308 2146 1562 2196 acceptisque
1599 2144 1755 2183 coronis
1788 2156 1878 2183 aras
1907 2157 1998 2183 con—

125 2259 143 2264 -
196 2205 373 2255 tigerunt
399 2211 440 2246 et
467 2207 563 2247 deas
590 2213 836 2247 coronarunt.
890 2210 951 2248 De
979 2210 1120 2261 quibus
1147 2211 1264 2248 rebus
1292 2209 1429 2260 paullo
1449 2208 1606 2246 uberius
1627 2207 1906 2257 disputandum
1926 2211 1999 2257 est,

197 2281 284 2308 cum
310 2275 475 2323 propter
491 2272 613 2310 verba
629 2272 815 2311 nonnulla
831 2272 870 2310 in
890 2273 1004 2322 aeris,
1030 2277 1072 2312 nt
1091 2272 1256 2322 videtur,
1282 2271 1565 2323 praetermissa
1582 2275 1705 2309 totum
1722 2275 1844 2321 caput
1862 2283 2000 2321 parum

196 2331 458 2383 intellegatur.
512 2335 562 2373 In
590 2335 688 2374 actis
717 2336 819 2374 enim
855 2336 945 2374 anni
973 2337 1069 2386 219,
1111 2348 1212 2387 quae
1247 2335 1518 2374 deficientibus
1554 2335 1654 2374 actis
1691 2347 1724 2372 a.
1745 2335 1819 2371 218
1855 2334 1904 2371 de
1940 2334 1999 2373 his

199 2395 322 2434 sacris
350 2396 436 2435 sola
462 2402 692 2447 supersunt,
718 2399 860 2437 litteris
889 2399 1065 2450 quamvis
1102 2399 1272 2448 detritis,
1310 2398 1427 2437 claris
1454 2402 1584 2436 tamen
1614 2409 1660 2436 ac
1689 2397 1842 2435 minime
1871 2397 1999 2436 dubiis

198 2458 348 2508 scripta
373 2458 562 2499 habemus
589 2460 707 2500 haec:
734 2468 768 2500 et
793 2462 996 2511 corona[s]
1029 2464 1191 2500 derectas
1213 2475 1282 2513 per
1307 2464 1551 2500 commitante
1575 2461 1742 2510 sinqulor
1767 2461 2001 2510 inferentibus

199 2525 272 2560 cet.
311 2521 424 2571 Quae
452 2535 539 2561 cum
565 2524 673 2563 nullo
700 2524 817 2563 modo
844 2525 1092 2575 cohaereant,
1120 2525 1168 2564 de
1194 2525 1362 2564 lectione
1391 2529 1521 2563 autem
1546 2524 1663 2574 plane
1690 2524 1857 2571 constet,
1886 2528 1999 2562 acute

198 2584 321 2622 verba
346 2585 571 2626 emendavit
596 2591 636 2626 et
661 2588 836 2638 explevit
862 2588 1130 2627 Mommsenus
1157 2589 1297 2628 litteris
1325 2587 1376 2626 ad
1402 2599 1463 2626 me
1490 2587 1593 2625 datis
1621 2586 1814 2636 editisque
1841 2586 1880 2623 in
1900 2586 2000 2625 libro

199 2658 284 2685 mco
312 2646 361 2686 de
389 2648 627 2689 fossionibus
654 2651 693 2689 iu
720 2651 809 2690 luco
838 2651 1040 2691 Arvalium
1067 2652 1256 2690 institutis
1284 2653 1494 2701 (Relazione
1521 2663 1589 2688 ecc.
1619 2662 1655 2700 p.
1676 2651 1738 2697 55,
1758 2648 1810 2699 2).
1850 2648 1897 2686 In
1917 2661 1999 2687 ver-

198 2711 261 2749 bis
279 2710 399 2760 igitur
416 2712 694 2762 superstitibus
721 2726 809 2753 cum
838 2714 941 2754 desit
968 2715 1253 2755 substantivum
1274 2715 1380 2765 qnod
1398 2714 1573 2765 pendeat
1592 2726 1615 2751 a
1633 2712 1840 2763 participio
1860 2715 2001 2759 citante,

198 2773 444 2813 intercidisse
473 2775 625 2814 videtur
663 2778 806 2816 mentio
834 2778 1114 2827 ministrorum,
1147 2779 1229 2816 sive
1264 2778 1486 2816 kalatorum
1514 2777 1596 2815 sive
1631 2775 1891 2826 publicorum,
1933 2775 2000 2825 qui

201 2836 326 2875 sacris
358 2837 564 2876 Arvalium
598 2846 758 2889 praesto
790 2852 879 2879 esse
920 2841 1103 2881 solebant
1143 2841 1277 2892 (pueri
1313 2840 1412 2878 enim
1448 2839 1607 2890 patrimi
1638 2838 1806 2877 matrimi
1839 2838 1877 2874 in
1906 2838 1999 2876 solis

200 2899 326 2950 epulis
354 2900 629 2952 apparebant).
684 2903 860 2943 Verbum
888 2915 1006 2956 porro
1031 2904 1264 2954 inserentibus
1290 2901 1606 2951 coniungendam
1641 2900 1793 2938 videtur
1819 2912 1907 2938 cum
1933 2912 1998 2938 vo-

201 2963 343 3003 cabulo
369 2975 539 3011 coronae,
565 2976 667 3015 quae
695 2965 880 3006 derectae
914 2967 1094 3006 dicuntur
1128 2978 1200 3017 per
1226 2964 1659 3014 commentariensem).
1715 2963 1893 3014 Deriyere
1918 2963 2000 3002 sive

298 3174 324 3218 ¹)
349 3173 392 3209 In
417 3173 513 3209 actis
538 3174 623 3210 anui
636 3175 767 3212 incerti
785 3177 928 3224 imperii
952 3176 1068 3212 Alex·
1127 3175 1271 3210 moniae
1299 3175 1460 3211 omissae
1486 3174 1523 3209 in
1550 3173 1643 3209 actis
1669 3184 1702 3208 a.
1720 3173 1805 3210 219:
1832 3173 1899 3209 sed
1923 3176 1998 3209 tam

204 3229 308 3266 andri
333 3231 398 3276 (A)
422 3235 512 3279 post
543 3243 689 3270 carmen
715 3245 759 3270 ac
784 3234 1071 3282 tripodationem
1129 3233 1283 3279 exiguae
1299 3244 1422 3269 eorum
1439 3233 1619 3279 reliquiae
1639 3235 1735 3275 sunt,
1751 3235 1792 3268 ut
1816 3231 1906 3267 nihil
1924 3242 2000 3268 cer-

202 3289 299 3325 aliae
322 3289 503 3336 quaedam
525 3292 697 3331 videntur
726 3293 927 3343 significari
959 3293 1075 3331 caeri-
1134 3292 1210 3329 tius
1236 3303 1283 3328 ex
1306 3292 1354 3328 iis
1380 3291 1564 3328 enucleari
1588 3290 1737 3392 possit}

270 3354 408 3383 imm
431 3355 519 3383 Δοτ.
817 3382 820 3383 ⁷
922 3364 925 3365 ν
1134 3379 1139 3382 .
