2340 3658
367 187 394 229 6
1096 183 1201 219 Sacri
1227 182 1318 218 deae
1345 182 1437 218 Diae

971 437 1010 479 3.
1070 434 1390 479 Indictionis
1421 435 1571 477 ratio.

371 587 513 645 158]5
517 587 629 630 960
661 570 744 644 [72]
836 586 1071 628 astantibus
1092 584 1122 641 ¹)
1153 586 1226 626 illo
1256 584 1474 639 magistro,
1507 585 1592 625 illis
1622 582 1823 626 fratribus
1854 581 2096 627 Arvalibus.

370 655 532 714 [69]78
566 654 631 712 [81
656 655 709 697 86
731 652 800 710 87]
834 653 1099 697 adstantibus
1122 652 1152 709 ¹)
1183 652 1384 695 fratribus
1415 652 1656 696 Arvalibus.

836 724 862 766 ¹)
891 722 1100 758 astantibus
1125 723 1169 757 59
1195 723 1239 757 69
1265 723 1320 763 86,
1348 721 1584 756 adstantibus
1613 723 1658 758 60
1683 722 1727 758 78
1752 722 1814 764 873
1848 723 1887 756 in
1911 721 2058 766 reliquie
2083 721 2171 756 actio

891 771 1096 804 vocabulum
1126 771 1389 814 interceperunt
1413 769 1538 804 hiatus.
1567 790 1611 795 —-
1641 773 1682 803 Ιπ
1707 770 1791 804 actis
1818 782 1849 805 a,
1876 771 1920 804 66
1946 770 2098 812 spatium
2121 769 2172 804 vi-

893 819 996 852 detur
1021 818 1184 851 indicare
1210 817 1295 850 llaec
1320 817 1426 850 verba
1452 819 1581 851 omissa
1597 817 1726 861 fuisse.

474 888 586 926 Haec
615 887 734 925 verba
761 886 879 925 inseri
921 887 1049 924 solent
1088 890 1183 936 post
1221 886 1351 923 locum
1389 886 1426 923 in
1454 886 1542 936 ipso
1577 886 1686 924 initio
1715 885 1961 932 indictionis,
1996 884 2172 935 exceptis

368 952 468 990 actis
497 964 530 989 a.
561 950 628 998 87,
659 951 695 988 in
723 950 864 1000 quibus
893 949 1138 988 collocantur
1166 953 1256 987 ante
1285 949 1367 986 dies
1405 948 1471 999 qui
1498 949 1732 987 indicuntur.
1789 949 1837 986 In
1865 948 1964 987 actis
1994 960 2027 987 a.
2047 949 2095 987 58
2123 949 2173 986 59

368 1017 416 1052 60
445 1014 493 1052 72
522 1013 798 1051 adscribuntur
818 1012 972 1050 nomina
992 1024 1123 1050 eorum
1146 1011 1210 1062 qui
1233 1011 1457 1061 adstabant,
1487 1012 1638 1050 scilicet
1673 1015 1713 1049 et
1750 1012 1830 1049 eius
1866 1011 1932 1062 qui
1965 1010 2102 1049 indicit
2134 1014 2174 1048 et

368 1082 603 1124 ceterorum,
632 1076 669 1113 in
691 1075 850 1125 reliquis
879 1076 1118 1124 omittuntur,
1148 1074 1266 1125 quod,
1294 1086 1379 1113 cum
1409 1075 1447 1112 in
1476 1075 1574 1113 actis
1603 1074 1782 1113 omnibus
1811 1074 1995 1113 extremis
2024 1073 2174 1113 adscri-

367 1141 512 1178 bantur
539 1139 605 1188 qui
634 1138 859 1187 adfuerant,
895 1150 1229 1188 supervacaneum
1264 1142 1349 1176 erat
1383 1138 1540 1176 nomina
1573 1138 1711 1176 eadem
1749 1138 1810 1176 bis
1840 1148 1998 1187 ponere.
2054 1135 2172 1184 Quod

369 1202 489 1239 nihilo
519 1201 643 1238 minus
680 1202 825 1239 factum
855 1206 915 1239 est
935 1201 974 1238 in
1004 1201 1102 1239 actis
1131 1213 1165 1239 a.
1195 1202 1243 1239 58
1261 1205 1300 1238 et
1321 1200 1381 1249 72,
1410 1212 1495 1239 cum
1516 1201 1555 1238 in
1585 1201 1683 1239 actis
1712 1212 1736 1239 a
1764 1202 1812 1239 59
1840 1199 2057 1250 posteriore
2085 1199 2174 1238 loco

368 1265 546 1303 dicantur
573 1264 689 1302 iidem
718 1264 890 1303 adfuisse
919 1265 985 1314 qui
1011 1264 1141 1315 priore
1170 1264 1373 1302 memorati
1401 1268 1522 1302 erant.
1565 1263 1705 1302 Paullo
1735 1264 1893 1302 diversa
1920 1263 2086 1302 formula
2114 1266 2176 1301 est

368 1340 468 1378 quae
497 1328 689 1378 reperitur
717 1328 754 1366 in
783 1329 883 1366 actis
911 1339 946 1366 a.

368 1392 422 1434 63
841 1390 1041 1435 adhibitis
1071 1393 1156 1433 illis

369 1472 456 1498 nam
485 1472 532 1498 ea
560 1463 598 1498 et
625 1460 712 1498 loco
741 1459 884 1509 legitur
912 1460 1080 1509 diverso,
1110 1464 1199 1498 ante
1228 1459 1312 1498 dies
1345 1460 1411 1510 qui
1438 1459 1674 1510 indicuntur,
1702 1464 1740 1498 et
1760 1460 1860 1499 inter
1880 1458 2078 1498 adhibitos
2096 1471 2175 1499 non

369 1526 431 1562 est
457 1524 543 1573 ipse
571 1523 778 1572 magister,
808 1535 922 1573 quem
955 1523 1122 1562 vidimus
1151 1535 1237 1561 esse
1272 1523 1372 1561 inter
1400 1522 1615 1561 adstantes.
1644 1545 1694 1552 ——
1723 1523 1824 1562 Post
1851 1535 1885 1562 a.
1914 1522 1963 1561 87
1995 1522 2068 1562 hae
2096 1523 2174 1562 for-

369 1587 493 1625 mulae
538 1586 699 1635 absunt,
741 1587 846 1636 quod
883 1586 1048 1625 indictio
1078 1586 1260 1625 sacrificii
1288 1587 1339 1626 ab
1371 1597 1473 1626 anno
1501 1586 1592 1625 inde
1622 1587 1669 1624 89
1698 1598 1722 1625 a
1752 1587 1940 1635 magistro
1969 1586 2019 1626 ad
2056 1587 2174 1626 colle-

369 1650 473 1699 gium
502 1649 627 1700 ipsum
655 1650 848 1688 translata
876 1654 946 1688 est.

371 1881 454 1940 [58]
487 1883 542 1926 59
841 1885 1091 1928 sacrificium
1122 1886 1229 1931 deae
1259 1887 1368 1930 Diae
1398 1887 1550 1929 indixit
1579 1888 1647 1928 ille
1677 1885 1893 1940 magister.

371 1949 455 2008 [63]
837 1955 1090 1998 sacrificium
1129 1955 1282 1998 indixit
1321 1954 1444 2013 [deae
1482 1954 1607 2011 Dia]e
1644 1957 1712 1997 ille
1749 1954 1989 2012 mag(ister)
2021 1955 2175 2010 collegi

836 2023 1014 2066 fratrum
1042 2025 1263 2068 Alvalium
1293 2026 1475 2068 nomine.

372 2101 514 2159 [NER.
538 2104 572 2146 B
595 2105 649 2146 69
672 2104 725 2146 72
747 2104 799 2146 78
833 2104 1075 2161 mag(istro)
1106 2107 1178 2147 illo
1202 2106 1233 2162 ¹)
1265 2106 1419 2160 collegi
1452 2106 1629 2149 fratrum
1649 2106 1870 2150 Arvalium
1893 2103 2094 2163 [nomi]ne
2111 2104 2145 2163 ²)

427 2173 496 2230 81]
838 2187 1004 2216 sacrum
1035 2174 1238 2218 indictum
1268 2175 1376 2218 deae
1405 2175 1513 2218 Diae
1537 2174 1583 2231 ³).

841 2243 866 2286 ¹)
894 2255 969 2276 eum
1005 2245 1079 2277 eius
1109 2246 1197 2278 vices
1219 2246 1315 2289 facit
1343 2246 1596 2290 promayz'ster,
1629 2246 1678 2279 εἰσ
1705 2246 1921 2290 concipitur.-
1958 2243 2173 2290 magisterio

896 2291 993 2324 illius
1018 2291 1264 2337 promagistro
1290 2293 1368 2327 illo:
1396 2295 1446 2328 εἰσ
1472 2296 1516 2328 69
1543 2295 1587 2328 72
1613 2295 1658 2327 78
1683 2295 1740 2328 81.

838 2335 864 2382 ²)
893 2365 900 2373 .
921 2363 927 2370 .
949 2364 979 2372 ..
1008 2349 1052 2372 ne
1079 2339 1133 2382 72,
1162 2365 1282 2375 .....
1302 2351 1321 2374 e
1348 2341 1404 2384 69,
1431 2342 1598 2374 omittitur
1624 2342 1679 2382 78,
1706 2341 1914 2384 videturque
1939 2340 2018 2374 item
2042 2341 2176 2385 afuisse

897 2398 919 2418 a
944 2385 1044 2419 NER
1073 2386 1114 2429 B,
1140 2388 1200 2420 ubi
1218 2389 1355 2421 omnino
1373 2389 1596 2423 statuendum
1614 2395 1663 2422 est
1681 2389 1810 2421 omissa
1834 2399 1907 2421 esse
1924 2389 2030 2421 verba
2043 2386 2179 2430 collegi

899 2451 940 2456 —
977 2433 1135 2468 nomine.
1197 2434 1335 2468 Littera
1368 2438 1460 2470 enim
1498 2446 1586 2480 quae
1618 2442 1699 2478 post
1738 2435 1874 2468 letteras
1910 2445 1947 2468 10
1989 2435 2180 2469 dimidiata

897 2480 1008 2522 θυσίαι,
1042 2493 1112 2515 own
1140 2489 1253 2524 potest
1274 2483 1393 2527 fuisse
1419 2494 1457 2525 o,
1484 2483 1546 2516 sed
1572 2495 1640 2526 pro
1674 2493 1695 2516 0
1721 2483 1882 2516 habenda
1908 2489 1970 2516 eet.
2020 2482 2175 2524 Accedit,

898 2528 1009 2571 quod,
1043 2530 1075 2562 si
1107 2531 1186 2573 quis
1211 2531 1383 2573 reciperet
1409 2531 1683 2573 supplementum
1709 2529 1859 2574 c[ollegi
1884 2529 2034 2564 fratrum
2059 2529 2176 2564 Arva·

898 2574 1018 2618 lium]‚
1051 2577 1156 2610 etiam
1187 2578 1312 2610 omisso
1344 2579 1446 2612 verbo
1472 2578 1564 2622 quod
1589 2584 1640 2611 est
1665 2577 1811 2611 nomine
1843 2589 2008 2612 'numerus
2043 2577 2175 2611 littera-

895 2634 974 2655 rum
1000 2630 1190 2657 ceterorum
1214 2635 1374 2658 versuum
1399 2626 1538 2659 modum
1564 2631 1756 2667 superaret.

839 2668 866 2714 3)
893 2678 1036 2704 sacrum
1062 2669 1240 2706 indictum
1266 2671 1358 2706 deae
1373 2672 1465 2707 Diae
1491 2672 1535 2708 78
1538 2695 1939 2714 ............
1965 2669 2101 2723 dictum
2119 2670 2175 2714 69,

897 2726 940 2750 sa
967 2742 1224 2754 ........
1253 2721 1350 2754 ctum
1377 2720 1421 2755 72
1429 2744 1684 2762 ........
1711 2717 1865 2753 rificium
1891 2718 1928 2753 in
1954 2742 2176 2756 .......

969 2790 977 2799 .
1004 2790 1011 2798 .
1039 2765 1097 2799 iae
1123 2764 1239 2801 NER
1259 2765 1305 2800 B.

371 2835 424 2877 86
843 2832 1047 2887 magistro
1080 2837 1152 2878 illo
1176 2835 1205 2891 ¹)
1239 2834 1422 2894 [collegi]
1463 2836 1640 2879 fratrum
1669 2835 1891 2879 Arvalium
1921 2847 2088 2878 sacrum
2118 2833 2178 2877 in-

842 2902 999 2945 dictum
1029 2902 1137 2948 deae
1165 2905 1274 2949 Diae
1303 2920 1380 2962 per
1409 2908 1523 2949 illum
1552 2904 1838 2961 mag(istrum)
1858 2904 1905 2961 ²).

840 2973 866 3016 ¹)
892 2974 932 3007 in
957 2975 1042 3008 actis
1068 2987 1101 3010 a.
1127 2976 1171 3010 86
1198 2982 1247 3010 eet
1271 2975 1485 3020 magisterio
1511 2976 1611 3010 illius
1635 2974 1881 3021 promagistro
1906 2973 1973 3010 illo,

841 3019 868 3065 ²)
895 3022 935 3054 in
959 3022 1086 3056 iisdem
1111 3029 1160 3056 est
1184 3025 1480 3068 promagistrum.

372 3089 424 3133 87
491 3132 496 3136 ,
845 3091 916 3132 ille
945 3090 1150 3145 magister
1172 3090 1201 3147 ¹)
1235 3091 1520 3150 [sac]rificium
1541 3090 1648 3137 deae
1668 3092 1776 3137 Diae
1805 3093 1850 3135 in
1880 3089 1989 3134 hunc
2019 3100 2177 3134 annum

838 3160 900 3204 sic
928 3160 1092 3203 indixit.

845 3231 868 3275 ²)
894 3231 933 3265 in
958 3232 1047 3265 actis
1073 3243 1106 3266 a.
1134 3232 1178 3267 87
1205 3237 1254 3266 est
1287 3230 1399 3267 frater
1434 3231 1584 3267 Arvalis
1625 3232 1687 3279 qui
1724 3231 1833 3276 v[ice]
1877 3231 1972 3267 illius
2008 3227 2174 3276 magistri

895 3276 1126 3325 fungebatur.
