2340 3658
329 201 437 230 CCXX

1111 185 1338 221 Alexander.

971 839 1385 904 ALEXANDRI
1424 842 1480 903 B.

1089 954 1188 995 anni
1217 955 1373 996 incerti.

326 1147 1228 1162 0000000000000000000000

1264 1124 1361 1159 ..Ι
1399 1148 1878 1161 ............

322 1189 476 1240 fratres
498 1187 672 1228 Arvales
704 1190 798 1228 ante
825 1198 1035 1239 pronaum
1066 1186 1182 1226 aedis
1206 1185 1464 1227 Concordiae
1494 1191 1768 1228 convenerunt
1800 1191 1837 1227 et
1866 1186 1918 1229 M.
1940 1185 2136 1227 Saenium

381 1257 588 1297 Donatum
618 1257 859 1309 mayistruni
891 1267 1078 1296 annuum
1109 1256 1152 1295 in
1184 1254 1315 1295 locum
1347 1287 1356 1297 .
1390 1286 1398 1295 .
1432 1289 1440 1298 .
1473 1289 1482 1298 .
1517 1287 1527 1297 .
1560 1287 1570 1297 .

1725 1288 1733 1299 .
1759 1289 1768 1299 .
1791 1287 1801 1298 .
1825 1288 1834 1298 .
1858 1287 1868 1298 .
1891 1287 1901 1298 .
1933 1254 2135 1296 demortui

380 1327 709 1367 nominaverunt.
734 1323 764 1380 ¹)
796 1323 851 1366 M.
884 1323 1063 1367 Saenius
1093 1324 1286 1365 Donatus
1317 1325 1510 1378 mayister
1540 1352 2061 1368 .............

381 1427 691 1438 ..........
713 1393 827 1435 diem
858 1392 991 1436 sacris
1022 1391 2133 1448 indixitqu²).........................

382 1495 861 1507 ...............
885 1475 911 1503 X

526 1571 740 1581 .....
780 1534 980 1597 normas)
1018 1531 1214 1593 Maiam)

321 1614 477 1666 fratres
496 1613 671 1654 Arvales
702 1614 744 1653 in
774 1613 866 1654 luco
899 1611 1006 1654 deae
1028 1611 1138 1654 Diae
1169 1611 1240 1655 via
1268 1611 1488 1668 Campana
1518 1613 1632 1665 apud
1662 1612 1884 1666 lapsidem)
1914 1612 2136 1666 (quintum)

1665 1678 1951 1746 Jconvenerunt
1976 1693 2054 1734 per
2082 1679 2135 1720 M.

378 1751 573 1793 Saenium
604 1752 812 1792 Donatum
841 1750 1143 1806 mag(istrum).
1186 1762 1361 1805 operum
1393 1750 1475 1792 luci
1507 1750 1619 1793 sacri
1650 1750 1976 1792 inchoandorum
2005 1760 2136 1790 cansa

1801 1819 1807 1887 Ι
1821 1848 2134 1860 ........

380 1921 646 1933 .......
681 1892 855 1931 lustrum
885 1887 1072 1932 missum.
1119 1888 1318 1931 Prastina
1338 1887 1371 1943 ³)
1403 1921 1412 1932 .
1444 1922 1454 1932 .
1488 1921 1496 1932 .
1529 1922 1538 1932 .
1570 1922 1579 1932 .
1615 1923 1624 1932 .
1658 1921 1667 1931 .
1700 1921 1709 1930 .
1742 1920 1752 1930 .
1786 1920 1794 1929 .
1828 1921 1838 1932 .
1871 1921 1880 1931 .
1911 1887 2137 1929 immolavit

381 1990 1030 2003 ................
1064 1971 1083 1999 s
1115 1958 1469 2000 suovetaurilibus
1498 1957 1726 1999 maioribus
1745 1955 1792 2012 ⁴).

321 2086 582 2130 Fragmentum
608 2089 792 2132 repertum
820 2096 916 2120 anno
944 2086 1035 2121 135ss
1060 2085 1096 2119 in
1124 2085 1349 2120 coemeterio
1369 2084 1515 2120 Callisti
1541 2084 1637 2119 inter
1658 2084 1738 2119 viae
1757 2083 1912 2130 Appiam
1939 2085 1978 2118 et
1995 2081 2138 2118 Ardea-

754 2143 880 2187 tinam,
907 2143 1043 2179 litteris
1070 2155 1197 2190 parum
1222 2143 1331 2179 bonis
1358 2144 1444 2179 altis
1469 2143 1556 2178 mill.
1584 2143 1704 2178 6-8.

415 2213 545 2249 Edidit
571 2213 615 2248 de
631 2213 745 2248 Rossi
764 2213 855 2250 Ann.
877 2216 958 2249 inst.
980 2216 1076 2249 arch.
1105 2215 1195 2251 1858

322 2285 356 2319 p.
386 2273 430 2308 74
457 2276 494 2307 et
519 2273 592 2307 aeri
621 2272 752 2307 incidit
777 2272 851 2309 ibd.
878 2273 952 2307 tab.
979 2274 1037 2308 D:
1066 2273 1112 2308 de
1137 2286 1192 2309 re-

323 2331 511 2366 stituendo
549 2332 754 2376 fragmento
798 2331 1004 2378 disputavit
1035 2332 1056 2368 l.
1089 2343 1118 2368 c,
1159 2344 1193 2378 p.

323 2390 479 2433 74—79‚
516 2390 846 2436 supplementaque
881 2390 979 2432 eius,
1017 2391 1087 2426 etsi
1122 2402 1194 2426 non

322 2449 444 2484 omnia
470 2451 572 2484 certa
598 2451 693 2492 sunt,
721 2449 850 2495 paucis
878 2449 1028 2484 mutatis
1056 2450 1192 2496 recepi.

416 2508 574 2542 Saenius
603 2509 768 2542 Donatus
796 2518 875 2542 cum
902 2507 938 2542 in
965 2508 1060 2542 actis
1081 2519 1192 2543 anno-

323 2578 399 2602 rum
437 2567 518 2609 219,
560 2566 639 2610 2:24,
677 2567 746 2602 231
782 2569 1097 2608 commemoretur,
1123 2566 1194 2601 hoc

323 2636 468 2671 quoque
504 2625 741 2670 fragmentum
777 2624 823 2659 ad
866 2627 1023 2659 aetatem
1058 2625 1193 2669 Elaga-

320 2684 396 2718 bali
446 2683 502 2719 vel
540 2683 744 2718 Alexandri
784 2682 931 2718 videtur
966 2683 1194 2718 referendum

322 2753 418 2778 esse.
451 2743 527 2777 Iam
554 2753 640 2777 vero
667 2753 711 2776 ex
736 2741 831 2776 actis
851 2752 1026 2777 annorum
1051 2742 1195 2788 imperii

321 2801 516 2846 Elagabali
543 2801 701 2835 omnium
739 2801 944 2845 fragmenta
983 2804 1192 2847 supersunt,

322 2872 439 2906 eaque
465 2871 585 2906 neque
614 2859 818 2906 scripturae
839 2859 947 2904 plane
966 2859 1196 2905 respondent

321 2918 463 2953 frustuli
512 2918 556 2953 de
585 2929 656 2964 quo
683 2918 837 2962 agimus,
871 2920 909 2952 et
941 2917 1033 2952 locis
1060 2917 1199 2952 effossa

321 2979 406 3011 sunt
432 2988 452 3011 a
479 2977 535 3011 via
563 2977 689 3023 Appia
714 2977 822 3021 longe
851 2975 1086 3017 distantibus,
1129 2986 1198 3010 nec

320 3034 513 3080 probabile
556 3035 799 3077 christianos,
840 3045 920 3069 cum
957 3037 1041 3069 acta
1085 3037 1195 3069 Arva-

321 3092 406 3126 lium
434 3093 479 3126 ad
496 3093 751 3138 contegendos
768 3093 1072 3128 coemeteriorum
1094 3092 1194 3127 locu-

323 3149 378 3184 los
430 3150 664 3194 adhiberent,
738 3151 943 3197 fragmenta
1003 3150 1195 3186 detulisse.

1265 2215 1394 2260 Itaque
1428 2224 1509 2248 cum
1543 2212 1783 2259 fragmentum
1817 2206 1971 2260 imperio
2002 2213 2137 2259 Elaga-

1265 2272 1341 2307 bali
1374 2271 1485 2306 tribui
1519 2282 1590 2306 non
1624 2281 1736 2318 posse
1771 2271 1958 2315 videatur,
2000 2271 2047 2307 ad
2071 2272 2137 2307 im-

1264 2331 1404 2378 perium
1430 2329 1633 2366 Alexandri
1659 2329 1788 2364 referri
1812 2333 1892 2366 tuto
1917 2331 2067 2378 poterit.

1361 2391 1384 2432 ¹)
1412 2392 1526 2436 caput
1549 2389 1619 2423 hoc
1646 2391 1817 2435 spectare
1843 2400 1915 2424 non
1938 2392 2066 2436 potest
2091 2387 2138 2424 ad

1263 2449 1476 2495 magistrum
1516 2447 1773 2483 mense=Maio
1807 2459 1826 2482 e
1853 2448 1936 2493 lege
1963 2450 2137 2491 creatum,

1264 2519 1344 2543 cum
1372 2518 1439 2543 nec
1465 2507 1545 2542 dies
1578 2517 1646 2541 nec
1673 2506 1827 2541 formula
1862 2506 1954 2542 satis
1985 2516 2137 2553 respon-

1265 2566 1386 2603 deant.
1413 2566 1545 2611 Itaque
1560 2565 1719 2611 cogitavi
1735 2565 1779 2600 de
1795 2565 1971 2611 magistro
1981 2564 2138 2601 suffecto

1264 2625 1299 2660 in
1327 2625 1446 2660 locum
1472 2624 1616 2659 mortui.

1359 2682 1386 2726 2)
1413 2682 1561 2717 litterae
1614 2683 1689 2716 tam
1738 2682 1902 2717 incertae
1946 2685 2050 2726 sunt,
2098 2685 2140 2718 ut

2173 1890 2205 1916 10

1265 2740 1411 2775 dubitet
1446 2740 1623 2783 Rossius,
1673 2742 1792 2775 utrum
1846 2740 2040 2786 legendum
2088 2741 2140 2776 sit
2180 2757 2188 2762 -

1262 2798 1558 2843 INDIXITQV,
1608 2810 1653 2834 an
1702 2798 2019 2836 INDIXERVm:
2067 2799 2138 2836 hoc

1265 2859 1402 2905 posito,
1429 2857 1636 2892 addendum
1662 2858 1733 2893 erit
1758 2871 1833 2892 cam
1860 2859 2010 2904 colleqis.

1361 2917 1388 2960 ³)
1416 2918 1496 2951 erat
1522 2915 1683 2951 fortasse
1709 2917 1966 2963 promagister.

1360 2975 1388 3018 ⁴¹)
1417 2977 1615 3021 supersunt
1639 2986 1768 3011 versus
1796 2974 2057 3022 subsequentis
2074 2985 2136 3011 ve-

1269 3033 1381 3079 stigia
1407 3032 1585 3079 quaedam
1626 3032 1827 3069 litterarum
1855 3033 2136 3077 dimidiatarum,

1269 3103 1359 3138 quas
1373 3091 1532 3127 Rossius
1550 3091 1586 3126 in
1606 3092 1763 3135 imagine
1782 3092 1858 3128 aeri
1873 3092 1990 3129 incisa
2003 3093 2136 3139 signat,

1268 3151 1404 3186 omittit
1429 3150 1465 3185 iu
1490 3149 1598 3186 titulo
1625 3151 1808 3187 restituto.
