2340 3658
1018 215 1050 250 P
1054 216 1081 250 ri
1084 215 1156 249 vati
1163 242 1170 248 .

234 334 314 369 eius
327 334 539 368 enarrantur
562 331 599 365 in
623 330 741 367 titulis
767 332 803 367 G.
821 331 854 368 I.
874 332 935 368 Gr.
950 331 1043 367 3532

237 390 383 435 (melius
419 389 592 434 Borghesi
627 399 709 433 opp.
733 388 757 422 2
787 400 826 431 p.
856 388 914 431 15)
950 387 1043 422 3548

235 444 330 484 3549
352 447 461 484 4238,
500 446 618 480 Baicie
633 447 727 491 susc.
753 447 860 479 inser.
886 446 905 479 1
934 457 973 488 p.
997 444 1043 478 86

235 519 283 536 =
305 505 355 540 Le
378 505 451 539 Bas
476 511 509 538 et
539 504 774 548 Waddinqton
806 503 908 538 1722.
955 501 1043 536 Fuit

237 563 382 609 legatus
421 562 534 597 Ponti
574 564 614 595 et
652 559 859 606 Bithyniae,
900 559 1042 603 legatus

237 632 338 668 prov.
366 621 486 655 Asiae
506 619 577 661 bis,
602 618 745 663 legatus
769 616 1042 664 Cappadociae,

237 690 384 726 procos.
409 678 543 714 Cretae
569 680 604 711 et
630 676 867 722 Cyrenaicae,
899 675 1043 719 legatus

238 749 293 784 pr.
316 749 372 784 pr.
407 736 546 781 Lyciae
565 740 605 770 et
628 734 879 780 Pamphyliae,
915 731 1044 768 consul

239 807 272 831 a.
285 797 342 837 93,
367 795 512 839 legatus
538 793 665 838 Syriae
690 791 920 838 imperatoris
952 790 1045 825 Tra-

238 855 312 888 iani
337 852 516 900 appeUati
538 852 610 886 iam
635 851 775 892 Dacici,
805 849 963 894 indeque
988 859 1043 883 re-

242 922 373 948 versus
398 921 475 946 cos.
500 910 538 944 II
570 921 603 946 a.
630 910 708 951 105,
744 918 891 955 procos.
916 906 1044 941 Asiae.

238 970 329 1006 Fuit
351 970 462 1004 etiam
500 968 700 1013 septemvir
736 966 940 1012 epulonum.
988 965 1046 998 De

242 1039 288 1064 eo
312 1028 459 1075 plenius
485 1026 559 1071 egit
583 1030 671 1072 post
694 1025 894 1059 Mar-initam
918 1036 955 1067 p.
980 1024 1049 1058 735

241 1098 335 1131 seqq.
350 1089 402 1119 ‘et
426 1085 679 1118 Momm-renum
703 1083 939 1128 Sitzunqsber.
959 1082 995 1118 d.
1011 1081 1048 1115 S.

244 1146 324 1180 Ges.
362 1144 455 1178 1850
481 1156 522 1188 pr
559 1143 631 1178 223
666 1153 758 1186 seqq.
812 1141 1050 1185 Waddinqeon

235 1206 353 1248 santes
377 1203 439 1236 des
456 1202 639 1245 provinces
663 1201 856 1243 asiatiques
882 1200 900 1233 1
926 1212 961 1243 γ.
984 1198 1051 1233 172

246 1274 353 1307 seqq„
376 1260 439 1294 ubi
464 1258 550 1294 vide
581 1259 691 1293 etiam
710 1268 876 1293 nummos
906 1257 1051 1292 nomine

246 1320 327 1355 eius
363 1319 541 1363 insignes.
588 1316 645 1351 Ab
670 1315 719 1351 A.
742 1315 838 1350 Iulio
865 1314 1052 1359 Quadrato

246 1378 310 1422 (cf.
335 1377 404 1412 sub
430 1376 576 1411 nomine
601 1375 693 1417 eius)
720 1373 888 1409 diversus
910 1372 1055 1408 videtur

246 1436 457 1470 Mommseno
481 1433 629 1468 Hermes
652 1434 676 1468 3
694 1445 734 1479 p.
760 1433 815 1474 76,
841 1432 882 1466 7.·
910 1431 1055 1466 dubitat

254 1494 493 1538 Waddinqton
518 1493 539 1525 I.
565 1504 596 1527 c.
615 1504 653 1535 p.
679 1491 757 1526 176.

202 1564 233 1588 1..
258 1562 455 1588 Ais-rosws
486 1561 608 1586 anavs
656 1549 770 1584 frater
800 1548 950 1584 Arvalis
986 1547 1052 1583 117

250 1612 319 1647 118
342 1600 411 1646 120
434 1610 502 1645 129
527 1609 595 1645 130
622 1608 708 1653 1393
740 1627 784 1633 -
808 1607 986 1652 magister
1022 1617 1055 1640 a.

250 1670 319 1706 129
344 1670 432 1711 130;
457 1687 503 1692 —
526 1675 686 1713 procos„
710 1669 751 1700 ut
766 1664 920 1707 videtur,
938 1664 1056 1699 Asiae

246 1728 351 1763 circa
374 1738 408 1761 a.
434 1725 619 1762 151—-152
642 1724 793 1760 Aristid.
823 1735 863 1768 p.
885 1723 973 1764 497;
1010 1722 1055 1757 cf.

250 1786 488 1830 weddinqton
503 1785 620 1829 fustes
639 1795 676 1826 p.
700 1781 771 1816 214
779 1795 792 1824 ‚·
817 1783 872 1816 vie
896 1782 930 1815 d'
957 1782 1056 1815 Aris-

253 1844 326 1878 tide
354 1855 394 1888 p.
417 1842 466 1877 40
500 1853 593 1886 seqq.
619 1840 793 1885 (extr-ait).

206 1902 252 1939 L.
259 1901 441 1936 Antonius
456 1927 464 1934 .
479 1927 489 1935 .
503 1926 511 1934 .
525 1900 605 1934 lbu.
617 1924 640 1933 ..
655 1899 798 1934 calator
809 1897 1058 1943 hatrisArva—

254 1960 303 1996 lis
322 1960 400 1996 130.

1907 210 1984 253 177

1184 339 1308 375 peram
1321 326 1367 361 ad
1385 337 1465 362 eum
1487 327 1602 363 refert
1613 326 1755 363 cladem
1767 325 1942 361 Romanis
1955 335 1987 358 a.

1181 388 1229 423 28
1252 397 1275 420 a
1299 385 1430 420 Frisiis
1454 383 1593 420 illatam
1623 385 1704 420 Tac.
1726 396 1809 417 ann.
1824 383 1856 424 4,
1872 382 1917 418 73
1938 381 1984 417 cf.

1184 444 1300 486 11‚19‚
1325 454 1419 488 quae
1432 443 1594 488 pertinet
1609 441 1656 476 ad
1670 444 1811 488 patrem
1828 439 1988 484 legatum

1185 501 1405 536 Germaniae
1422 500 1618 543 inferioris,
1649 510 1730 535 cum
1746 498 1853 539 filius,
1878 497 1939 542 qui
1958 507 1991 532 a.
2034 502 2043 512 ·

1185 558 1327 592 demum
1344 559 1390 594 39
1409 569 1485 593 cos.
1518 559 1597 602 fuit,
1626 561 1712 593 tunc
1736 567 1809 592 non
1832 554 1992 602 potuerit

1188 617 1287 661 fungi
1311 616 1498 661 legatione
1515 616 1701 652 consulari
1717 614 1947 651 Germaniae.

1138 675 1308 709 Arescon
1324 673 1547 710 Manilianas
1574 674 1746 721 publicus
1770 674 1991 708 commenta-

1183 733 1319 768 riensis
1343 732 1492 785 fratrum
1516 733 1705 769 Arvalium
1727 732 1809 768 211.

1143 803 1175 826 1..
1201 803 1401 826 Animus
1433 802 1674 827 rsascaisvs
1711 791 1823 825 frater
1846 787 1995 823 ArvaliS

1188 851 1258 886 213
1281 851 1351 886 218
1373 851 1461 891 221;
1486 869 1529 874 -
1555 852 1705 895 praetor
1727 848 1808 883 213.
1841 865 1886 871 -
1918 845 1995 878 Μα-

1184 909 1301 942 rinius
1320 920 1359 953 p.
1382 909 1450 944 531
1488 918 1677 954 perperam
1713 903 1874 940 credidit
1910 912 1996 938 esse

1194 966 1349 1001 eundem
1374 967 1436 1013 qui
1461 966 1583 1000 fasces
1608 964 1687 1000 ord.
1712 963 1831 1009 gessit
1854 973 1886 997 a.
1910 961 1998 1002 244;

1191 1025 1238 1060 cf.
1262 1025 1452 1060 Relazione
1470 1037 1506 1068 p.
1535 1025 1593 1059 77.

1146 1095 1177 1117 c.
1203 1071 1342 1118 snaivs
1367 1094 1598 1118 ωτι-01111113
1624 1081 1738 1116 frater
1751 1077 1902 1115 Arvalis
1920 1079 1998 1114 186.

1193 1142 1418 1176 Enarrantur
1440 1140 1599 1176 honores
1624 1139 1704 1173 eius
1728 1139 1765 1172 in
1780 1137 1888 1173 titulo
1901 1136 1997 1172 Con-

1193 1199 1379 1234 cordiensi
1405 1199 1441 1233 G.
1466 1197 1500 1233 I.
1526 1198 1566 1234 L.
1590 1198 1625 1240 3,
1650 1196 1742 1233 1874
1768 1211 1815 1227 --
1847 1194 1999 1229 Henzen

1193 1258 1305 1301 6485,
1332 1258 1397 1292 ruit
1422 1256 1564 1291 scilicet
1588 1255 1664 1290 1111
1687 1255 1743 1290 vir
1764 1255 1902 1290 viarum
1939 1262 2000 1287 cu-

1192 1315 1396 1358 randarum,
1421 1315 1589 1350 tribunus
1613 1313 1818 1349 laticlavius
1842 1311 2000 1356 legionis

1194 1378 1348 1420 quartae
1389 1372 1604 1420 Scythicae,
1641 1371 1738 1407 sevir
1777 1369 2001 1416 equestrium

1195 1436 1409 1474 turmarum,
1451 1432 1498 1467 ab
1535 1431 1632 1466 actis
1669 1432 1831 1471 senatus,
1869 1426 2002 1462 aedilis

1197 1491 1344 1534 curulis,
1368 1494 1517 1537 praetor
1551 1489 1610 1524 cui
1647 1489 1763 1535 primo
1798 1485 2003 1522 iurisdictio

1197 1549 1389 1596 pupillaris
1413 1560 1435 1583 a
1459 1547 1704 1584 sanctissimis
1719 1543 2003 1592 imperatoribus

1198 1610 1267 1658 (sc.
1291 1608 1419 1642 Marco
1443 1610 1483 1642 et
1505 1607 1550 1641 L.
1574 1605 1694 1648 Vero)
1728 1603 1901 1639 mandata
1935 1605 2003 1644 est,

1200 1667 1311 1702 frater
1346 1665 1507 1708 Arvalis,
1542 1663 1718 1699 iuridicns
1757 1673 1825 1709 per
1860 1660 2004 1696 Italiam

1200 1726 1362 1772 regionis
1387 1722 1677 1769 Transpadanae
1711 1721 1862 1767 primus,
1898 1729 2004 1766 prae-

1200 1786 1320 1820 fectus
1345 1783 1462 1819 aerari
1488 1781 1634 1817 Saturni
1659 1780 1719 1823 (cf.
1735 1779 1906 1825 Borghesi
1922 1790 2006 1812 ann.

1201 1846 1284 1879 ime.
1307 1843 1406 1877 arch.
1430 1841 1522 1876 1853
1542 1853 1581 1884 p.
1600 1839 1669 1874 188
1691 1850 1799 1884 seqq„
1824 1849 1904 1882 opp.
1928 1837 1952 1871 5
1970 1848 2007 1879 p.

1202 1904 1272 1938 383
1295 1914 1409 1946 seqq.;
1433 1899 1625 1932 Mommsen
1649 1897 1809 1932 Berichte
1831 1896 1865 1930 d.
1887 1894 2008 1929 saclas.

1206 1963 1284 1997 Ges.
1309 1959 1402 1994 1852
1422 1971 1460 2002 p.
1484 1957 1554 1992 268
1560 1969 1573 1997 ,·
1608 1955 1733 1999 Zumpt
1756 1966 1873 1990 comm.
1897 1954 2008 1999 epiqr.

209 2030 252 2054 11.
262 2029 460 2054 aurosivs
469 2027 620 2052 ivvsms
633 2014 898 2051 fraterArvalis
907 2015 975 2051 183
985 2014 1061 2049 186.

210 2089 255 2112 ιι.
278 2077 489 2119 Ακτωᾰιήε
521 2075 678 2118 rmnjvs
711 2080 759 2108 rs
784 2101 794 2110 .
819 2102 828 2110 .
853 2099 863 2108 .
886 2085 931 2108 vs
968 2082 1062 2107 unus

257 2146 303 2170 ex
327 2134 453 2181 pueris
478 2138 688 2168 senatorum
714 2131 799 2166 filiis
823 2131 1062 2166 ministranti-

1201 2020 1225 2054 2
1244 2032 1281 2063 p.
1305 2019 1328 2053 3
1351 2018 1460 2061 seqq.)
1486 2034 1531 2040 —
1556 2013 1737 2049 Iuridicus
1774 2010 2008 2058 Transpada-

1117 2106 1151 2119 V,
1205 2088 1274 2112 nae
1299 2076 1369 2110 fuit
1392 2076 1477 2109 ante
1502 2084 1534 2107 a.
1561 2073 1639 2115 166,
1666 2083 1747 2108 cum
1771 2071 1818 2106 ad
1845 2081 1925 2106 eam
1955 2069 2009 2103 iu-

258 2193 327 2228 11118
352 2204 385 2229 a.
410 2193 479 2228 118
503 2194 582 2228 118.

213 2263 256 2287 11.
279 2263 448 2287 Arolssvs
488 2261 733 2286 sarvnmsvs
772 2249 883 2284 frater
915 2247 1065 2283 Arvalis

1206 2194 1305 2229 tonis
1329 2192 1376 2226 de
1411 2201 1523 2225 causa
1546 2188 1737 2225 Volumnii
1764 2187 1893 2224 Sereni
1921 2186 2010 2221 scri-

1206 2252 1277 2286 bae
1313 2249 1599 2286 Concordiensis
1639 2249 1703 2293 (ad
1739 2248 1869 2280 amicos
1894 2245 1929 2287 2,
1962 2244 2012 2287 7),

1204 2134 1457 2170 risdictionem
1493 2131 1674 2178 pertineat
1710 2128 1871 2176 epistula
1893 2129 2010 2164 Fron·
2077 2143 2080 2145 ·

257 2311 305 2347 58
326 2311 372 2347 59
396 2311 443 2346 60
465 2311 522 2345 66.
546 2328 589 2333 -
615 2309 701 2343 Fuit
728 2307 874 2353 legatus
898 2306 1065 2341 Moesiae

260 2380 293 2404 a.
317 2370 364 2405 60
390 2369 472 2403 Tac.
495 2369 577 2404 lu’st.
603 2369 637 2411 1,
662 2367 707 2402 79
732 2366 779 2400 ob
801 2365 1066 2409 victoriamque

261 2419 308 2462 de
343 2426 572 2462 Rhoxolanis
610 2423 816 2471 triumphali
858 2426 982 2458 statua
1019 2422 1066 2456 ab

261 2486 408 2523 Othone
444 2485 604 2520 donatus
640 2489 700 2519 est
735 2485 760 2518 ἰ.
784 2494 830 2524 ο.;
869 2495 913 2506 ’-
949 2481 1067 2526 primo

265 2544 408 2591 Vitellii
442 2548 570 2590 partes
606 2546 756 2577 secutus
793 2541 832 2584 (l.
857 2552 889 2574 c.
926 2539 960 2581 2,
994 2539 1067 2581 96),

262 2614 348 2638 mox
375 2602 597 2649 Vespasiani
634 2603 663 2646 (l
698 2612 725 2633 c.
750 2600 784 2643 3,
813 2598 849 2643 5)
886 2595 1068 2632 seditione

216 2676 225 2683 ·
261 2662 416 2697 militum
429 2661 616 2697 Veronam
633 2656 920 2705 oppugnantium
942 2655 1070 2700 fugere

265 2724 419 2756 coactus
443 2723 500 2754 est
525 2719 564 2764 (1.
586 2730 615 2753 c.
641 2718 663 2752 9
687 2718 809 2762 seqq.).

220 2791 255 2815 ι.
281 2789 471 2815 arnonus
498 2777 739 2820 ca[ssm]uvs
764 2784 842 2810 cos.
866 2784 899 2810 a.
918 2774 964 2809 39
989 2782 1070 2807 cum

267 2837 311 2874 C.
347 2837 509 2873 Caesare
544 2836 710 2880 Augusto
749 2831 971 2869 Germanico
1009 2831 1070 2871 393

258 2898 354 2944 fasti
388 2897 484 2931 sam·
505 2895 642 2928 Antion.
680 2892 716 2928 G.
747 2890 769 2924 I
770 2917 779 2925 .
803 2890 846 2925 L.
879 2892 899 2926 1
931 2902 967 2933 p.
992 2888 1072 2924 327.

267 2956 357 2991 Fuit
393 2955 431 2989 in
470 2954 621 2989 cohorte
661 2951 774 2987 Drusi
817 2949 865 2984 ad
904 2948 1073 2993 legiones

266 3013 505 3049 Pannonicas
529 3011 632 3046 missi
657 3021 690 3046 a.
715 3010 772 3052 14,
797 3003 845 3044 ab
877 3017 996 3053 eoque
1021 3005 1071 3040 le·

270 3076 377 3118 gatus
416 3070 464 3106 ad
502 3070 690 3105 Tiberium
727 3068 863 3103 missus
899 3070 955 3101 est
994 3065 1074 3098 Tac.

269 3144 355 3167 ann.
381 3133 414 3173 1,
436 3131 500 3172 29;
525 3148 570 3154 -
594 3128 741 3173 legatus
766 3127 882 3173 patris
918 3134 1075 3171 procon-

271 3190 362 3227 sulis
374 3189 528 3224 Africae
552 3188 645 3223 &2⁰
667 3195 882 3233 prosperam
899 3182 1077 3218 adversus

273 3247 546 3283 Tacfarinatem
574 3244 770 3281 Numidam
801 3253 959 3292 pugnam
990 3242 1080 3277 facit

273 3307 296 3346 l.
320 3318 349 3341 ⁶·
374 3306 407 3347 3,
430 3307 488 3342 21.
504 3312 613 3346 -De
643 3309 709 3344 Vit-
734 3313 899 3342 onomast.
914 3317 931 3337 ε
951 3315 983 3338 v.
997 3313 1079 3349 per-

297 3379 434 3406 muta.
458 3376 545 3403 AC‘r.

1208 2310 1347 2354 Fronto
1372 2311 1491 2343 autem
1517 2317 1612 2342 anuo
1638 2306 1715 2341 fere
1741 2305 1809 2339 166
1832 2303 1909 2338 vita
1932 2312 2013 2337 ces-

1209 2369 1305 2404 sisse
1328 2367 1508 2403 videatur.
1556 2365 1685 2410 Itaque
1723 2373 1804 2398 cum
1837 2363 1923 2408 post
1948 2359 2013 2394 ad-

1208 2426 1510 2461 ministrationem
1534 2423 1695 2468 regionis
1721 2421 1819 2455 illius
1848 2418 2014 2465 praefec-

1209 2488 1292 2520 tura
1338 2483 1471 2519 aerarii
1510 2481 1720 2517 Antoninus
1760 2479 1905 2513 functus
1954 2477 2014 2519 sit,

1210 2543 1334 2578 fasces
1348 2553 1429 2577 eum
1443 2551 1540 2576 anno
1558 2539 1634 2574 fere
1651 2539 1720 2575 170
1733 2537 1897 2583 gessisse
1914 2538 2016 2570 recte

1217 2601 1510 2646 Waddinqtonim
1534 2598 1656 2645 posuit
1692 2597 1716 2632 l.
1741 2604 1797 2638 σ.,’
1818 2594 1881 2640 qui
1910 2594 1947 2628 in
1972 2603 2017 2627 eo

1210 2664 1334 2695 tamen
1357 2657 1502 2694 videtur
1525 2657 1718 2697 erravisse,
1751 2652 1850 2699 quod
1874 2656 1962 2698 post
1985 2662 2018 2686 a.

1214 2718 1293 2761 175,
1319 2728 1391 2763 quo
1416 2716 1467 2750 M.
1492 2714 1659 2749 Aurelius
1686 2712 1911 2748 Sarmaticus
1941 2709 2017 2744 dic-

1213 2780 1272 2811 tus
1313 2778 1388 2818 est,
1429 2774 1589 2809 Pontum
1625 2775 1664 2807 et
1699 2769 1907 2815 Bithyniam
1939 2777 2020 2802 eum

1214 2834 1358 2870 rexisse
1383 2843 1430 2867 ex
1453 2831 1557 2866 titulo
1598 2830 1636 2867 0.
1662 2829 1694 2862 Ι.
1722 2829 1785 2863 Gr.
1809 2828 1902 2862 4168
1933 2835 2020 2861 con·

1217 2893 1335 2929 clusit.
1391 2891 1535 2926 Pontus
1576 2890 1672 2924 enim
1712 2890 1751 2922 et
1789 2885 1962 2930 Bithynia
2000 2894 2023 2917 a

1215 2950 1409 2999 praetoriis
1448 2948 1687 2993 regebantur,
1734 2954 1803 2979 nec
1842 2942 1888 2978 ad
1928 2942 2022 2977 hanc

1215 3009 1440 3057 provinciam
1480 3008 1607 3053 potest
1647 3002 1869 3049 pertinuisse
1909 2995 2022 3035 Ama·

1219 3077 1331 3103 senus
1355 3065 1461 3100 huius
1487 3066 1588 3098 certe
1612 3061 1746 3096 aetatis
1770 3059 1911 3101 titulus,
1944 3067 2025 3092 cum

1220 3125 1332 3161 Ponti
1357 3134 1443 3170 pars
1479 3122 1542 3156 illa
1578 3123 1651 3154 tum
1680 3128 1761 3153 cum
1787 3114 2027 3162 Cappadocia

1220 3182 1430 3219 contributa
1466 3181 1581 3220 esset,
1618 3176 1664 3211 cf.
1694 3176 1912 3210 Ptolemaeus
1933 3174 1967 3216 5,
1992 3175 2025 3209 6.

1221 3233 1448 3285 Ρηίι’ὶςὶῖιιι·
1471 3235 1680 3272 Antoninus
1714 3234 1856 3279 legatus
1881 3231 2026 3278 Cappa·

1224 3300 1354 3335 dociae
1390 3308 1484 3343 quae
1520 3293 1724 3330 consularis
1761 3292 1918 3338 dignitas
1959 3292 2027 3330 est,

1715 3351 1839 3402 12,
