2340 3658
836 243 1031 284 sacrificia
1055 246 1319 282 anniversaria.
1925 245 1981 289 55

818 419 855 460 1.
913 418 1091 461 Annus
1129 421 1177 461 et
1213 417 1344 483 giieS.

98 602 110 607 Α
267 547 412 586 Annus
440 550 481 585 et
507 546 604 593 dies,
632 544 708 582 nisi
734 542 870 593 lapide
898 543 1040 593 fracto,
1067 555 1268 594 nunquam
1298 543 1489 582 deficiunt
1515 547 1554 581 et
1571 543 1718 593 ubique
1745 541 1873 592 primo
1892 542 1982 580 loco

164 615 376 663 ponuntur.
420 609 617 649 Consules
645 606 866 656 antiquiore
881 606 1127 655 potissimum
1156 609 1288 644 aetate
1316 606 1356 643 in
1384 606 1483 644 actis
1512 618 1589 644 non
1615 610 1816 656 ponuntur
1842 605 1917 643 nisi
1943 605 1983 643 in

83 678 111 702 ff*
164 673 372 727 principio.
410 673 704 720 Nonnunquam
733 668 946 708 adnotatur
963 669 1232 719 magisterium
1254 668 1422 718 collegii.
1460 667 1661 719 Scriptum
1685 669 1807 718 igitur
1824 672 1887 706 est
1906 667 1983 707 sic:

79 787 90 815 3
128 782 135 789 ’
162 748 297 848 2733
295 744 612 847 1433ΒὲΒὸΞὲ
619 757 628 844 ξ
654 789 736 816 ηοη
765 775 941 828 repetita
970 779 1071 815 nota
1097 772 1311 814 consulum

219 873 275 915 57
305 872 361 914 58
389 872 445 914 59
475 871 532 913 60
1366 835 1435 876 die
1463 836 1553 876 illo.

78 968 97 972 ..
278 929 407 971 NER·
428 928 465 970 B
621 880 629 970 ξ
655 897 793 940 isdem
823 867 1144 952 eo(n)s(ulibus)

164 997 251 1041 690
634 993 773 1036 isdem
804 993 1125 1049 oo(n)s(ulibus)
1157 994 1225 1033 die
1255 994 1327 1034 illo
1358 993 1645 1048 mag-(isterio)
1675 994 1789 1034 illius
1818 1006 1985 1048 proma·

689 1063 863 1116 ggistro)
893 1064 967 1103 illo
991 1062 1038 1110 ¹).

637 1133 663 1174 ¹)
679 1131 950 1177 fracto-'lapide
973 1131 1229 1164 interciderunt
1252 1128 1327 1164 69⁵.

922 1311 962 1354 2.
1022 1311 1230 1354 Locus.

271 1441 408 1479 Locus
436 1439 475 1477 in
503 1438 601 1477 actis
631 1438 707 1476 nisi
736 1435 869 1486 lapide
897 1436 1026 1474 fracto
1054 1447 1255 1485 nunquam
1283 1435 1486 1483 omittitur,
1513 1435 1683 1474 refertur
1709 1439 1838 1474 autem
1867 1434 1985 1473 modo

96 1497 106 1522 Τ
165 1503 346 1554 proxime
374 1506 469 1552 post
496 1506 627 1539 notam
657 1500 747 1548 diei,
776 1498 893 1537 modo
921 1509 1058 1536 versus
1076 1497 1192 1536 finem
1212 1498 1356 1548 capitis
1379 1498 1446 1547 (cf.
1467 1499 1572 1536 infra
1598 1498 1647 1536 de
1673 1498 1827 1537 ratione
1855 1497 1986 1546 sacri).

78 1615 85 1620 .
167 1565 455 1604 Immolabatur
480 1565 521 1603 in
550 1564 768 1614 Capitolio,
805 1562 879 1599 nisi
913 1560 1020 1611 quod
1054 1561 1159 1599 sacri
1193 1561 1245 1599 ob
1285 1561 1458 1598 natalem
1487 1560 1569 1598 divi
1596 1561 1771 1610 Augusti
1798 1560 1895 1599 facti
1923 1559 1987 1597 die

71 1627 95 1673 'j
164 1629 295 1668 altero
339 1628 379 1666 in
422 1628 570 1677 templo
611 1637 714 1664 novo
754 1626 805 1674 (a.
828 1623 895 1674 38)
931 1624 1013 1661 sive
1040 1624 1082 1660 in
1110 1623 1274 1662 Palatio
1304 1622 1469 1673 (Claud.
1490 1622 1545 1673 D)
1574 1623 1790 1662 sacrificari
1816 1623 1985 1661 solebat.

157 1690 379 1741 -Templum
406 1702 550 1728 novum
578 1689 658 1727 divi
685 1687 860 1737 Augusti
895 1686 1003 1736 quod
1030 1686 1256 1725 inchoatum
1285 1697 1311 1724 a
1339 1685 1501 1723 Tiberio
1529 1685 1656 1724 Gaius
1684 1685 1835 1724 Caesar
1860 1683 1987 1736 primo

166 1753 317 1804 imperii
345 1765 448 1792 anno
478 1752 651 1791 absolvit
667 1750 946 1800 dedicavitque
966 1749 1149 1798 (Sueton.
1170 1749 1248 1788 Cal.
1268 1750 1338 1797 213
1365 1749 1443 1787 Dio
1463 1750 1528 1795 59,
1551 1747 1571 1786 7
1601 1748 1652 1786 cf.
1681 1749 1743 1797 56,
1762 1749 1843 1798 46),
1872 1750 1987 1787 situm

68 1811 104 1853 ἶ-
167 1822 256 1856 erat
281 1816 335 1856 ad
362 1817 489 1855 forum
517 1826 620 1866 pone
656 1814 794 1852 aedem
827 1813 1040 1851 Castorum
1073 1823 1200 1862 prope
1227 1811 1416 1861 templum
1445 1811 1667 1860 posteriore
1697 1815 1826 1849 aetate
1854 1823 1879 1849 a
1905 1811 1987 1849 Do-

69 1890 118 1929 ³⁵.
160 1878 329 1918 mitiano
355 1880 564 1917 Minervae
593 1877 767 1915 dicatum
795 1875 862 1926 (cf.
891 1875 1052 1913 tabulae
1081 1875 1270 1913 honestae
1300 1874 1511 1921 missionis,
1538 1885 1640 1923 quae
1670 1873 1865 1921 dicuntur,
1894 1873 1985 1911 Tito

164 1942 443 1991 posteriores),
478 1945 521 1979 ut
554 1940 701 1989 probat
729 1937 945 1976 Suetonius
980 1937 1115 1987 (Cale‘9.
1146 1939 1211 1987 22)
1237 1950 1347 1988 super
1378 1937 1549 1985 templum
1584 1937 1662 1974 dic-i.
1698 1939 1854 1987 Auqusti
1878 1943 1988 1986 ponte.

164 2006 377 2042 trmmnisso
413 2004 602 2041 Palatium
641 2001 932 2050 Capitoliumque
967 2002 1154 2037 coniunxit
1186 1999 1383 2048 Caligula.
1438 1998 1544 2037 Nam
1586 2003 1748 2048 pontem
1781 1999 1891 2037 illum
1916 2010 1988 2048 per

68 2056 89 2110 ξ
163 2069 311 2104 tectum
352 2066 541 2103 basilicae
582 2064 708 2103 Iuliae
753 2063 910 2100 ductum
950 2062 1073 2100 fuisse
1108 2062 1396 2100 demonstravit
1431 2061 1635 2099 Beckerus
1665 2060 1823 2111 (topoqr.
1851 2072 1889 2110 p.
1911 2061 1987 2097 343

2 2165 5 2172 ,
68 2126 94 2173 f
163 2129 263 2175 4313
290 2129 340 2167 ef.
370 2127 533 2166 Sueton.
566 2128 644 2166 Cal.
664 2126 732 2172 37;
762 2124 922 2174 Ioseph.
950 2127 1086 2174 antiqq.
1109 2126 1168 2173 19,
1191 2127 1224 2171 1,
1249 2125 1324 2172 11).
1361 2123 1430 2162 Ad
1448 2123 1553 2161 idem
1571 2124 1761 2173 templum
1781 2122 1989 2160 referenda

169 2192 264 2229 sunt
288 2190 413 2231 verba
439 2190 558 2228 Plinii
587 2189 638 2240 (u.
670 2189 704 2226 h.
736 2189 795 2236 12,
817 2187 884 2236 94)
910 2190 950 2224 in
975 2188 1119 2225 Pacarii
1145 2189 1278 2237 templo
1306 2188 1407 2236 quod
1423 2188 1571 2235 fecerat
1595 2187 1680 2223 divo
1709 2188 1873 2236 Amyn-sto
1902 2198 1987 2222 con—

72 2258 100 2302 '.
167 2254 234 2290 ius:
260 2254 445 2303 Augusta:
474 2264 683 2303 perperam
711 2251 814 2288 enim
841 2250 891 2287 de
918 2250 1075 2299 templis
1104 2249 1261 2287 duobus
1291 2249 1491 2298 cogitasse
1520 2260 1608 2286 cum
1626 2249 1834 2286 Matinium
1862 2247 1916 2297 (p.
1938 2248 1987 2284 83

71 2310 94 2370 ’,ζ
169 2326 206 2353 u.
221 2315 301 2364 21),
328 2320 410 2353 tum
439 2316 658 2353 Beckerum
686 2312 727 2362 (l.
749 2324 782 2350 c.
811 2324 849 2361 p.
868 2312 960 2360 430)
997 2315 1038 2350 et
1067 2312 1286 2350 Prellerum
1314 2312 1380 2360 (R.
1406 2312 1523 2361 Mytk.
1552 2323 1589 2360 p.
1612 2310 1686 2349 ⁷75
1715 2310 1776 2348 ed.
1800 2310 1860 2360 1),
1895 2314 1989 2348 acta

70 2375 74 2415 Ῑ
135 2391 137 2393 ’
168 2378 384 2416 ostendunt
410 2378 503 2417 anni
530 2379 579 2415 38
607 2381 648 2414 et-
677 2374 822 2414 Claud.
843 2375 880 2412 D
908 2375 1010 2413 inter
1037 2387 1080 2412 se
1109 2374 1276 2421 collata,
1313 2385 1400 2411 cum
1427 2373 1566 2411 eadem
1596 2385 1714 2412 sacra.
1742 2373 1925 2411 dicantur
1949 2373 1987 2409 in

72 2440 89 2476 π’
166 2440 314 2490 templo
342 2452 444 2478 novo
473 2446 513 2478 et
540 2440 578 2477 in
602 2438 763 2476 Palatio
791 2438 899 2475 sacta
926 2448 1028 2475 esse.
1084 2436 1143 2474 Cf.
1179 2437 1297 2475 etiam
1333 2448 1435 2487 quae
1470 2442 1562 2474 ante
1591 2437 1737 2475 effossa
1765 2441 1856 2474 acta
1883 2447 1917 2472 a.
1939 2436 1988 2472 38

167 2501 217 2539 de
257 2502 405 2552 templo
448 2502 526 2540 divi
568 2500 743 2550 Augusti
785 2499 1058 2538 Mommsenus
1098 2499 1217 2550 (Ball.
1251 2502 1332 2537 inst.
1371 2500 1472 2538 arch.
1512 2501 1611 2538 1845
1638 2512 1677 2549 p.
1702 2499 1922 2548 125seqq.)
1950 2502 1990 2535 et

135 2563 138 2567 ’
167 2562 369 2603 Prellerus
397 2565 601 2615 (Regionen
626 2575 665 2613 p.
688 2562 777 2611 150)
807 2566 1089 2611 exposuerunt.
1143 2565 1253 2600 Ante
1288 2561 1329 2599 id
1366 2561 1615 2601 aedificatum
1656 2563 1695 2599 in
1724 2560 1823 2599 aede
1851 2561 1988 2598 Martis

42 2622 103 2680 -Ῐζζ
167 2625 264 2682 divo
292 2628 477 2677 Augusto
514 2638 631 2665 saera
666 2626 834 2664 fiebant:
875 2625 926 2662 cf.
960 2624 1039 2663 Dio
1073 2626 1136 2673 55,
1151 2626 1222 2662 46:
1262 2622 1303 2662 ἓν
1337 2613 1371 2676 ᾧ
1408 2616 1524 2662 δ”οὗν
1548 2622 1595 2662 τὸ
1625 2623 1667 2662 ἐν
1691 2619 1827 2674 Ῥώμῃ
1853 2619 1991 2675 ἡρῷον

63 2690 88 2731 ’.ὲ
166 2687 352 2740 ἐγίγνετο,
381 2685 517 2727 dudm
546 2684 676 2726 αὐτοῦ
705 2687 776 2738 (sc.
804 2687 879 2725 τοῦ
899 2682 1167 2737 Αὐγούστου)
1182 2687 1349 2736 χρυσῆν
1368 2684 1431 2724 ἐπὶ
1451 2683 1588 2735 κλίνης
1606 2683 1648 2730 ἐς
1666 2683 1737 2723 τὸν
1755 2686 1830 2722 τοῦ
1850 2680 1990 2733 Ἄρεος

66 2753 92 2787 ’κ
169 2749 268 2789 ναὸν
295 2749 446 2790 ἔθεσαν
477 2749 544 2789 καὶ
571 2748 699 2802 ἐκείνῃ
726 2745 863 2787 πάντα
891 2742 970 2787 ὅσα
998 2750 1057 2800 τῷ
1086 2744 1294 2799 ἀγάλματι
1323 2744 1455 2786 αὐτοῦ
1479 2744 1585 2796 μετὰ
1611 2747 1735 2784 τοῦτο
1749 2742 1989 2795 χρήσεσθαι

73 2810 94 2864 Ἰ·
169 2807 336 2861 ἔμελλον
363 2809 570 2862 ἐνόμισαν.
623 2813 675 2851 In
700 2811 803 2852 actis
829 2811 949 2860 igitur
975 2823 1012 2851 a.
1032 2813 1082 2850 35
1110 2810 1164 2850 ad
1192 2810 1295 2865 tliem
1323 2811 1488 2861 primam
1516 2810 1622 2849 sacri
1650 2810 1701 2848 ob
1722 2808 1891 2846 natalem
1911 2807 1990 2844 divi

71 2897 114 2921 ,.
169 2874 345 2925 Augusti
374 2875 560 2927 templum
587 2876 726 2914 Martis
754 2873 909 2913 videtur
936 2873 1126 2924 scriptum
1154 2873 1288 2912 fuisse.

735 3058 776 3104 3.
835 3058 1243 3107 Sacrificiorum
1264 3059 1416 3103 ratio.

174 3186 378 3234 CLAUD.
399 3188 437 3232 D
638 3184 784 3230 natale
812 3186 927 3227 illius
946 3184 975 3237 ¹)
1006 3183 1050 3227 in
1070 3182 1283 3240 Capitolio
1303 3183 1542 3227 immolavit
1560 3184 1631 3224 ille
1650 3181 1855 3235 magister
1875 3182 1889 3231 (
1894 3194 1989 3236 pro·

698 3253 922 3310 magister)
950 3267 1030 3309 pro
1061 3254 1243 3308 collegio
1274 3252 1456 3295 fratrum
1487 3251 1725 3296 Arvalium.

646 3325 672 3371 ¹)
698 3323 775 3360 divi
800 3321 1006 3369 Augusti).
