2340 3658
349 132 432 173 216

396 247 512 292 patris
531 246 693 283 Neronis
719 249 775 290 61,
794 267 836 273 -
864 248 898 281 in
925 258 1033 282 sacra
1049 248 1110 283 via
1135 252 1220 284 ante

397 304 540 340 domum
568 306 814 341 Domitianam
840 307 925 348 ibet„
951 325 996 331 -
1027 317 1099 352 quo
1127 318 1221 342 anno

398 363 604 398 institutum
645 365 694 398 sit
732 365 787 399 62.
829 384 867 388 —
917 365 1220 400 Sacrificium

398 422 770 456 anniversarium
806 422 858 456 ob
898 423 1220 458 consecratio-

398 491 491 515 nem
532 480 666 515 divae
699 481 944 524 Augustae
982 483 1038 523 59,
1067 500 1108 506 —
1148 493 1220 516 non

398 542 456 574 est
482 539 707 574 celebratum
739 538 810 573 nisi
835 539 1038 584 imperante
1065 539 1223 576 Claudio

395 599 485 639 ibd.;
514 618 555 622 -
584 597 810 631 celebratum
844 597 893 632 sit
919 609 1075 633 necesse
1103 601 1162 633 est
1185 599 1221 634 in

397 656 534 701 templo
562 667 656 690 novo
675 656 764 699 ibd.;
788 677 830 680 —
859 656 913 691 ad
942 667 1056 691 aram
1084 658 1221 693 Pacis

400 715 459 755 75;
482 734 522 739 -
549 715 599 748 ad
619 714 847 749 theatrum
866 715 1087 750 Marcelli
1115 719 1221 751 ante

399 771 685 807 simulacrum
714 773 807 807 divi
834 773 1036 819 Augusti
1061 775 1150 816 ibd.;
1176 797 1220 801 -—

398 831 450 865 ad
478 841 594 865 aram
623 831 958 867 Providentiae
979 834 1220 877 Augustae

400 890 469 924 ibd.
497 909 539 914 —
568 889 826 924 Sacrificia
858 890 910 925 ob
938 901 1105 926 causas
1133 892 1219 926 sin-

398 948 579 993 gulares
613 949 739 982 extra
773 947 975 984 ordinem
1007 950 1058 984 ab
1085 950 1220 986 Arva-

398 1006 517 1041 libus
552 1006 671 1041 facta
703 1007 858 1043 77—88:
900 1008 946 1042 ob
985 1008 1137 1045 detecta
1162 1021 1222 1045 ne-

398 1066 491 1100 faria
516 1065 674 1100 consilia
699 1066 734 1100 in
762 1066 802 1102 C.
822 1067 1019 1102 Caesarem
1040 1069 1135 1113 Aug.
1157 1069 1222 1104 Cn.

398 1123 547 1158 Lentuli
574 1124 761 1159 Gaetulici
796 1125 851 1169 77,
879 1147 921 1152 —
955 1128 1002 1162 ob
1035 1128 1223 1175 supplica-

398 1182 521 1217 tiones
550 1182 707 1219 indictas
732 1195 799 1230 pro
821 1185 940 1220 salute
959 1185 1120 1222 Neronis
1148 1189 1224 1231 iba„

405 1261 445 1266 —
465 1253 530 1288 pro
550 1241 668 1277 salute
688 1246 725 1277 et
742 1242 864 1278 reditu
893 1244 1057 1280 eiusdem
1077 1247 1161 1289 ibd„
1182 1267 1225 1273 --

399 1301 445 1335 ob
487 1299 684 1336 adventum
727 1302 805 1337 eius
854 1305 892 1337 et
935 1303 1138 1351 Poppaeae
1187 1308 1227 1341 et

400 1359 578 1395 Claudiae
605 1360 650 1395 78
673 1360 730 1402 85,
760 1380 799 1384 —
829 1360 876 1395 ob
903 1361 1042 1397 laurum
1062 1363 1223 1400 Neronis

398 1420 479 1462 iba„
505 1417 549 1445 —'
569 1418 616 1454 ob
636 1417 932 1465 supplicationes
959 1432 980 1455 a
1006 1425 1137 1457 senatu
1161 1422 1224 1458 de-

398 1481 518 1513 cretas
560 1479 648 1520 ibat,
691 1497 730 1502 —
776 1478 823 1512 ob
862 1479 1102 1526 adoptionem
1145 1483 1224 1518 Ser.

401 1536 559 1582 Sulpicii
599 1536 743 1571 Galbae
785 1536 958 1573 Caesaris
1000 1540 1061 1580 79,
1095 1560 1136 1565 -
1177 1542 1224 1576 ob

398 1595 537 1630 laurum
563 1595 609 1630 ab
636 1595 782 1631 Othone
808 1597 969 1642 positam
996 1599 1079 1641 ibd„
1112 1618 1148 1624 —
1178 1600 1224 1634 ob

400 1654 498 1689 diem
524 1665 595 1700 quo
622 1654 748 1689 urbem
775 1654 966 1700 ingressus
994 1659 1053 1691 est
1079 1657 1225 1704 Vespa·

401 1712 525 1747 sianus
545 1713 599 1755 79,
623 1733 663 1738 —
683 1724 768 1747 arae
788 1713 1025 1750 dedicatione
1045 1727 1110 1760 pro
1128 1728 1224 1763 mag.

401 1770 440 1806 C.
468 1771 551 1806 Iulii
578 1772 694 1807 Silani
722 1775 777 1815 80,
811 1793 852 1798 —-
892 1773 938 1808 ob
966 1773 1118 1810 detecta
1143 1787 1224 1811 sce-

399 1830 477 1865 lera
501 1830 722 1866 nefariorum
747 1832 830 1874 ibd„
849 1853 893 1857 —
911 1836 1064 1869 senatus
1082 1838 1161 1870 ture
1189 1839 1227 1871 et

399 1890 484 1924 vino
517 1889 743 1936 supplicavit
774 1891 862 1934 iba,
891 1911 931 1916 -—
967 1892 1014 1926 ob
1048 1893 1226 1930 laetitiam

400 1948 583 1995 publicam
603 1949 686 1992 ibd.,
707 1969 748 1974 --
768 1949 815 1984 ob
834 1949 1030 1985 adventum
1047 1951 1226 1988 Hadriani

400 2008 483 2048 ibcl„
512 2027 551 2031 —
588 2007 686 2053 quod
713 2007 924 2044 Antoninus
952 2008 1082 2046 Severi
1106 2014 1129 2046 f.
1161 2023 1228 2058 per

400 2066 552 2101 limitem
591 2067 746 2102 Raetiae
787 2067 1024 2103 barbarorum
1062 2072 1226 2116 (terram)

399 2126 613 2161 introiturus
653 2129 733 2161 erat
770 2127 832 2169 81,
867 2147 907 2152 ——
948 2128 995 2162 ob
1034 2128 1227 2165 victoriam

403 2184 663 2220 Germanicam
682 2185 847 2220 eiusdem
875 2188 957 2230 ibd„
987 2207 1026 2212 —
1056 2188 1155 2233 quod
1182 2200 1228 2224 ex

400 2243 581 2288 naufragii
624 2243 790 2289 periculo
829 2247 998 2280 servatus
1043 2247 1093 2281 sit
1130 2247 1227 2283 idem

402 2302 472 2335 ibd.
498 2321 538 2325 —-
568 2301 859 2337 Sacrificium
886 2303 1120 2348 piaculare
1148 2307 1226 2342 139.

354 2362 386 2394 A
429 2360 594 2403 sacris,
622 2371 644 2394 a
685 2361 832 2396 sacris
873 2361 1043 2397 domini
1085 2366 1228 2400 nostri

402 2419 598 2464 Augusti
627 2419 761 2454 adsunt
786 2419 934 2465 piaculo
960 2421 996 2455 in
1022 2422 1106 2458 luco
1133 2424 1225 2459 deae

400 2477 493 2512 Diae
513 2477 613 2512 facto
629 2478 714 2519 133;
729 2497 773 2502 —
795 2478 1046 2526 distinguendi
1067 2495 1088 2518 a
1106 2493 1225 2518 sacer-

401 2536 550 2571 dotibus
576 2537 807 2582 imperatoris
835 2540 913 2575 134.

356 2594 490 2630 Salus
510 2596 554 2630 72
580 2595 624 2629 73
650 2597 695 2632 86
722 2598 963 2640 102105;——
984 2599 1224 2645 publica57

401 2654 510 2690 8485
534 2654 580 2689 86
598 2654 643 2689 95
669 2656 754 2696 1023
781 2676 823 2681 —
850 2657 1038 2703 publica
1066 2659 1224 2704 populi

402 2712 591 2747 Romani
622 2713 665 2747 87
688 2714 732 2749 96
756 2715 927 2758 1051213
966 2737 1004 2741 -
1033 2717 1226 2763 publica

401 2770 772 2817 populissomani
794 2773 1226 2817 Quiritium9294102

402 2830 469 2865 103
500 2830 568 2864 122
604 2830 690 2870 123;
716 2851 759 2856 —
800 2832 864 2866 rei
899 2834 1111 2879 publicae
1150 2844 1223 2879 po-

400 2887 498 2934 puli
542 2888 738 2923 Romani
780 2890 1023 2934 Quiritium
1069 2891 1156 2932 124;
1186 2911 1224 2915 —

402 2947 609 2982 immolatur
640 2948 673 2982 ei
701 2949 747 2983 ob
775 2952 862 2984 vota
894 2961 1014 2984 annua
1039 2951 1084 2986 92
1110 2950 1156 2986 94
1182 2950 1227 2986 95

401 3007 446 3041 96
473 3007 540 3042 102
566 3007 650 3049 103,
679 3027 723 3032 —
762 3007 808 3041 ob
842 3008 987 3043 natales
1021 3008 1226 3054 principum

400 3064 456 3106 57,
483 3084 526 3090 -
554 3065 600 3099 ob
627 3065 818 3111 imperium
846 3067 900 3108 72,
929 3086 971 3091 -
999 3066 1045 3100 ob
1072 3066 1225 3101 tribuni-

401 3122 495 3157 ciam
521 3125 746 3169 potestatem
774 3125 828 3167 73,
852 3145 895 3150 -
922 3136 988 3172 pro
1015 3124 1134 3160 salute
1162 3136 1223 3159 no-

403 3191 526 3215 vorum
546 3181 749 3228 principum
770 3183 847 3226 105,
869 3203 907 3209 -
929 3195 995 3230 pro
1014 3183 1225 3218 valetudine

401 3237 564 3275 Neronis
594 3240 671 3282 123,
697 3260 740 3266 -
767 3241 814 3276 ob
839 3242 1132 3289 supplicationes
1159 3253 1225 3290 pro

1115 133 1232 169 Index
1258 134 1404 169 Rerum.

1338 249 1457 284 salute
1494 250 1656 286 Neronis
1687 252 1745 295 84,
1778 272 1819 278 -·
1859 264 1926 300 pro
1965 254 2084 289 salute
2123 257 2163 291 et

1337 307 1458 343 reditu
1491 309 1569 344 eius
1595 310 1674 352 ὦῶ,
1703 330 1741 335 -
1784 311 1831 345 ob
1858 311 2056 347 adventum
2081 311 2161 348 Ne-

1335 366 1454 409 ronis,
1489 367 1708 413 Poppaeae,
1744 368 1922 405 Claudiae
1953 371 2010 413 85,
2037 390 2080 396 -
2113 371 2162 406 ob

1337 423 1476 459 laurum
1507 425 1665 461 Othonis
1698 427 1755 468 86,
1783 447 1825 452 —
1863 439 1930 474 pro
1968 428 2088 464 salute
2125 433 2164 465 et

1338 481 1457 516 reditu
1475 483 1620 518 Vitellii
1636 485 1713 526 121,
1730 504 1772 510 —-
1789 497 1855 531 pro
1874 485 1995 522 reditu
2011 487 2163 523 'l'raiani

1338 540 1384 574 ab
1420 541 1658 588 expeditione
1685 543 1825 579 Dacica
1857 544 1978 590 priore
2012 545 2092 590 124,
2119 564 2163 572 -

1340 598 1387 632 ob
1415 599 1612 634 adventum
1636 601 1819 636 Hadriani
1837 604 1894 645 86,
1922 622 1965 628 —
1991 603 2039 638 ob
2065 603 2163 639 salu-

1339 659 1414 691 tem
1430 657 1692 705 victoriamque
1714 660 1970 696 Germanicam
1986 662 2164 698 Antonini

1340 715 1467 750 Severi
1497 717 1517 751 f.
1551 721 1589 752 et
1620 717 1735 752 Iuliae
1763 720 1854 763 Aug.
1881 720 1966 762 ibcl.‚
1996 739 2034 745 —
2057 720 2164 767 ⁴quod

1339 773 1385 808 ad
1424 774 1578 810 hiberna
1611 775 1854 812 Nicomediae
1893 777 2084 822 ingressus
2117 778 2167 813 sit

1340 831 1435 866 idem
1476 834 1552 868 122.
1594 853 1633 859 -
1678 834 1872 880 Templum
1911 835 1947 869 in
1987 836 2165 880 Quirinali

1340 890 1460 933 situm,
1488 902 1567 926 cum
1596 893 1663 927 sub
1683 891 1841 928 Claudio
1867 892 2024 929 dirutum
2050 898 2164 937 esset,

1340 948 1500 984 fortasse
1526 961 1709 996 nunquam
1736 950 1940 986 restitutum
1967 955 2032 987 est'
2048 953 2105 988 94.

1293 1007 1509 1052 Sanguis:
1543 1015 1719 1055 sanguem
1754 1011 1839 1054 (sic)
1872 1011 2068 1059 epulantur
2099 1014 2164 1046 Ar-

1341 1067 1443 1102 vales
1470 1068 1527 1109 21,
1561 1068 1604 1103 cf.
1631 1070 1690 1104 23.
2069 1063 2073 1067 ’

1295 1125 1580 1161 Saturnalia:
1607 1138 1722 1163 annus
1741 1128 1924 1163 Arvalium
1949 1139 1972 1164 a
1990 1128 2166 1164 Saturna-

1343 1183 1440 1218 libus
1466 1184 1608 1220 initium
1636 1187 1738 1233 capit
1762 1186 1817 1222 34.

1296 1242 1495 1277 Saturnu
1508 1254 1524 1278 s
1539 1255 1546 1277 :
1561 1243 1606 1278 de
1625 1244 1834 1289 significatu
1850 1245 2008 1280 nominis
2024 1244 2168 1281 eius34.

1296 1301 1425 1346 Scyfi
1458 1304 1623 1347 argentei
1655 1304 1717 1346 26,
1746 1323 1786 1328 —
1826 1305 1911 1338 vino
1943 1303 2078 1350 repleti
2102 1304 2167 1346 283

1345 1379 1384 1385 -
1414 1363 1452 1394 et
1477 1360 1661 1407 simpuvia
1686 1362 1961 1397 confunduntur
1985 1363 2042 1398 31.
2091 1371 2094 1374 ·

1296 1419 1321 1454 S
1334 1419 1553 1454 ecuritas:
1580 1420 1789 1455 immolatur
1807 1421 1842 1455 ei
1862 1420 1909 1456 ob
1927 1420 2168 1466 adoptionem

1341 1477 1421 1512 Ser.
1450 1477 1608 1524 Sulpicii
1634 1479 1776 1515 Galbae
1803 1479 1977 1515 Caesaris
2003 1480 2060 1514 80.

1296 1536 1546 1571 Serrenses
1579 1536 1747 1580 sodales,
1780 1542 1818 1572 et
1842 1548 1934 1572 vasa
1966 1537 2109 1571 ahenea
2132 1537 2168 1571 in

1343 1594 1472 1629 schola
1498 1606 1622 1630 eorum
1648 1599 1794 1642 reperta
1819 1597 1875 1632 35.

1297 1652 1478 1697 Signum
1526 1654 1756 1689 circensibus
1803 1655 1911 1690 datur
1956 1665 2091 1700 mappa
2133 1655 2167 1689 in

1344 1712 1479 1747 circum
1495 1713 1595 1748 iacta
1607 1715 1669 1755 38;
1688 1733 1727 1738 —
1748 1713 1846 1759 quod
1866 1713 2038 1759 exprimit
2055 1717 2170 1759 caput

1345 1771 1500 1815 Augusti
1527 1772 1595 1807 153
1622 1772 1689 1807 155
1710 1772 1797 1814 167;
1817 1791 1858 1795 ·—
1879 1770 1976 1817 quod
1996 1771 2170 1817 exprimit

1343 1829 1528 1876 Marsyam
1547 1835 1585 1865 et
1602 1829 1796 1876 Olympum
1823 1831 1971 1875 suriuge
1990 1833 2168 1865 canentes

1345 1890 1413 1924 153
1439 1889 1519 1924 156.
1879 1901 1884 1904 ·

1298 1948 1571 1994 Simpuvium
1610 1946 1754 1983 Numae
1792 1948 1856 1988 303
1904 1965 1947 1972 ·-
1986 1939 2168 1993 simpuvia.

1343 2007 1429 2042 vino
1456 2006 1601 2053 repleta
1626 2007 1683 2042 26.

1297 2064 1592 2100 Simulacrum
1625 2064 1699 2101 divi
1725 2063 1887 2109 Augusti
1913 2061 1960 2098 ad
1985 2063 2168 2099 theatrum

1343 2124 1514 2159 Marcelli
1541 2124 1595 2160 75.

1299 2183 1428 2218 Socii
1449 2185 1695 2218 memorantur
1712 2183 1748 2217 in
1765 2183 1863 2219 votis
1881 2184 2013 2220 annuis
2030 2186 2165 2221 aetatis

1344 2241 1565 2287 posterioris
1593 2243 1669 2277 103.

1300 2299 1464 2335 Soleae
1489 2301 1544 2335 38.

1300 2358 1539 2402 Soleatus,
1566 2359 1765 2395 soliatus
1792 2361 1848 2395 36.

1297 2417 1427 2464 Spes:
1455 2418 1663 2453 immolatur
1689 2418 1723 2453 ei
1750 2419 1796 2453 ob
1823 2419 2020 2455 adventum
2043 2419 2164 2456 Nero·

1342 2477 1410 2519 nis,
1437 2477 1653 2523 Poppaeae,
1682 2476 1860 2512 Claudiae
1887 2479 1942 2515 85.

1296 2535 1353 2582 Sp
1364 2539 1385 2570 n
1396 2536 1406 2570 i
1419 2547 1438 2570 n
1450 2549 1471 2570 x
1487 2537 1521 2571 in
1538 2536 1647 2571 anulo
1663 2535 1835 2572 Caesaris
1845 2537 2007 2582 Augusti
2020 2537 2168 2584 sculpta

1343 2596 1420 2631 155.

1296 2654 1562 2701 sportulae:
1582 2654 1627 2689 de
1647 2654 1824 2700 sportulis
1844 2654 2084 2700 collegiorum
2102 2658 2167 2700 163

1341 2733 1379 2739 ---
1398 2713 1587 2748 Arvalium
1607 2713 1784 2759 impensis
1805 2724 1872 2759 pro
1892 2714 1995 2750 cenis
2010 2715 2069 2749 ibd
2091 2727 2099 2757 ;
2127 2735 2164 2740 --

1342 2772 1515 2818 sportulis
1544 2775 1712 2808 cenatum
1741 2776 1799 2807 est
1826 2772 1974 2808 denaris
1995 2774 2166 2810 centenis

1343 2831 1401 2865 die
1422 2832 1537 2878 primo
1563 2830 1659 2866 sacri
1688 2830 1797 2865 annui
1823 2832 1885 2873 133
1905 2851 1946 2858 -
1974 2832 2165 2878 sportulae

1344 2890 1402 2924 die
1429 2889 1594 2925 secundo
1623 2889 1762 2924 denarii
1788 2889 1934 2924 centeni
1961 2889 1997 2924 in
2016 2900 2109 2925 cena
2128 2890 2164 2926 in

1345 2949 1452 2983 domo
1479 2949 1644 2994 magistri
1671 2950 1733 2991 39;
1764 2968 1803 2973 —-
1842 2947 1974 2984 diebus
2008 2949 2165 2995 singulis

1341 3008 1435 3042 sacri
1468 3008 1576 3042 annui
1612 3007 1831 3042 distributae
1863 3007 1926 3048 453
1955 3026 1996 3032 —
2029 3007 2165 3053 singuli

1341 3066 1530 3113 accipiunt
1556 3066 1726 3102 denarios
1753 3066 1860 3101 XXV
1879 3066 1941 3107 13;
1961 3085 2000 3091 -—
2029 3066 2165 3112 singuli

1333 3128 1554 3172 praesentes
1593 3125 1779 3172 accipiunt
1826 3124 1998 3160 denarios
2037 3128 2163 3160 cente-

1343 3194 1408 3219 nos
1435 3184 1493 3219 27.

1295 3243 1488 3278 Statuas
1516 3242 1555 3279 C.
1575 3242 1748 3279 Caesaris
1765 3242 1862 3287 Aug.
1882 3242 2003 3278 Germ.
2031 3241 2074 3287 (ἲ)
2102 3242 2163 3285 733
