2340 3658
326 194 380 223 Χῖ,
1139 177 1324 216 Tiberius.

332 304 474 329 erasum
502 303 586 328 esse
619 294 682 337 (cf.
710 293 811 329 Grut.
831 293 909 335 113,
927 292 986 337 2):
1025 299 1196 334 consules

329 354 451 387 autem
477 351 654 387 suffectos
680 352 827 387 ineunte
853 353 924 386 iam
950 362 1046 391 anno
1073 355 1196 401 desig-

327 412 435 445 natos
459 410 520 454 (cf.
535 410 739 444 Mommsen
756 409 906 445 Herma
919 411 941 446 3
966 421 1001 455 p.
1015 410 1060 446 92
1076 405 1195 450 seqq)

326 469 424 504 nullo
461 468 654 504 intervallo
689 466 910 513 interposito
938 466 1194 512 magistratum

327 528 455 564 inisse.
503 527 606 562 Nihil
639 526 750 571 igitur
788 537 834 560 ex
866 525 1068 561 omissione
1104 533 1192 558 con-

329 586 419 621 sulis
446 585 598 621 alterius
626 586 715 621 licet
731 584 963 620 concludere.
1002 585 1079 619 Iam
1105 592 1192 618 vero

325 655 406 679 cum
442 644 573 679 fratres
609 643 788 687 Arvales,
828 644 891 689 qui
923 644 960 678 in
990 643 1062 678 hoc
1095 642 1192 685 frag-

325 705 449 738 mento
464 703 705 745 nominantur,
723 704 761 737 et
774 702 913 737 ultimis
930 701 1072 736 Tiberii
1087 699 1192 735 annis

326 764 363 796 et
397 763 519 797 aetate
553 761 593 797 G.
622 761 796 797 Caesaris
822 760 995 803 redeant,
1021 758 1110 794 illud
1137 759 1191 806 ip-

326 831 404 855 sum
439 820 485 855 ad
517 820 746 866 posteriores
779 822 880 854 certe
907 818 1053 865 imperii
1078 818 1191 853 Tibe-

324 879 417 913 riani
460 889 575 913 annos
615 878 831 914 rettulerim.
894 877 1027 923 Neque
1070 880 1193 913 tamen

324 939 451 983 potest
475 936 660 982 pertinere
687 937 732 971 ad
761 946 878 971 annos
904 936 950 972 35
972 940 1011 971 et
1029 937 1085 979 36,
1113 936 1192 982 qui-

324 996 391 1030 bus
419 995 558 1030 Fabius
584 995 760 1032 Persicus
798 995 942 1042 (utpote
968 995 1083 1042 primo
1109 994 1193 1030 loco

1268 292 1476 327 HOminatUS
1511 292 1608 328 inter
1638 303 1704 331 00!
1739 304 1802 351 qui
1835 303 2047 346 adfuerunt;
2081 303 2127 339 cf.

1265 349 1312 385 ad
1337 352 1424 385 acta
1448 361 1480 386 a·
1503 350 1563 396 35)
1600 353 1637 386 et
1673 360 1850 397 Caninius
1887 361 2016 397 Gallus
2052 372 2128 396 ma-

1265 408 1419 453 gisterio
1446 407 1562 443 functi
1580 410 1676 452 sunt,
1702 419 1771 444 nec
1795 409 1912 454 magis
1930 408 1978 443 ad
1996 419 2128 443 annum

1263 467 1319 509 34,
1346 477 1417 512 quo
1436 467 1614 502 Persicus
1634 477 1715 502 cum
1742 467 1972 502 consulatum
1999 476 2128 511 gesse-

1262 525 1327 569 rit,
1364 525 1400 560 in
1428 526 1522 561 actis
1550 535 1692 571 quoque
1725 525 1855 560 consul
1886 523 2128 560 nominandus

1264 586 1361 627 erat;
1388 584 1582 630 probabile
1614 583 1726 629 igitur
1749 582 1796 618 ad
1821 583 1940 630 ipsum
1964 583 2127 618 ultimum

1262 642 1402 678 'riberii
1451 654 1582 678 annum
1620 643 1861 688 fragmentum
1898 640 2127 677 referendum

1266 712 1362 738 esse.
1414 702 1517 746 Quae
1545 703 1666 737 autem
1698 703 1739 736 ob
1771 702 1992 736 securitatem
2015 707 2128 739 ettva-

1264 761 1369 795 lutem
1414 760 1647 807 imperatoris
1698 761 1798 796 facta
1836 758 2007 794 dicuntur
2043 769 2128 794 esse

1263 818 1466 862 sacrificia,
1505 831 1550 856 ea
1585 819 1712 856 nescio
1750 830 1797 854 an
1834 818 2045 865 pertineant
2081 816 2127 851 ad

1263 877 1467 913 maiestatis
1506 881 1544 913 et
1583 878 1785 925 impietatis
1827 887 1959 913 causas
2001 875 2128 923 primis

1263 937 1455 972 mensibus
1482 937 1566 972 anni
1591 937 1636 973 37
1662 939 1778 973 aetas.
2070 929 2073 933 ’
