2340 3658
732 979 787 1040 F.
832 978 1285 1041 SUBSTITUTIO
1329 977 1772 1041 GALATORUM.

446 1331 506 1368 De
527 1328 771 1367 calatoribus
792 1327 996 1366 Arvalium
1019 1327 1067 1366 cf.
1090 1327 1306 1365 Exordium
1328 1339 1366 1377 p.
1392 1327 1478 1365 VII
1504 1338 1585 1377 seq.
1627 1326 1838 1366 Calatores
1866 1327 2044 1377 singulos
2064 1327 2162 1365 vidi·

345 1404 428 1430 mus
458 1391 679 1428 nominatos
709 1402 796 1427 esse
827 1402 850 1427 a
878 1389 1149 1427 sacerdotibus
1179 1389 1357 1438 singulis,
1386 1391 1527 1439 quibus
1549 1394 1710 1439 praesto
1731 1395 1877 1438 essent,
1904 1395 1947 1428 ut
1965 1389 2162 1429 defunctis

345 1454 525 1504 patronis
547 1453 700 1491 illorum
722 1456 898 1490 cessaret
917 1451 1096 1489 officium.
1137 1450 1200 1490 Ob
1230 1452 1428 1490 introitum
1445 1457 1575 1491 autem
1593 1452 1736 1491 inferre
1756 1453 1955 1491 debebant
1969 1453 2010 1490 in
2032 1464 2162 1491 arcam

345 1517 502 1565 collegii
524 1528 567 1554 ea
591 1515 839 1562 condicione,
869 1519 911 1551 ut
939 1514 969 1551 si
992 1514 1156 1552 calatori
1185 1520 1337 1552 mortuo
1358 1515 1524 1553 aliamve
1553 1515 1603 1552 ob
1634 1526 1796 1554 causam
1825 1515 1924 1554 alius
1951 1515 2163 1554 substitue·
2235 1542 2257 1558 Δ.
2289 1507 2297 1550 s

344 1585 461 1626 retur,
491 1590 699 1616 successor
728 1576 856 1615 de‘nuo
886 1589 932 1613 ne
962 1577 1140 1614 inferret:
1178 1577 1330 1614 calator
1357 1578 1457 1615 enim
1486 1589 1558 1627 pro
1591 1579 1822 1615 accessione
1852 1583 2003 1617 tantum
2031 1589 2161 1617 saeer-

343 1642 447 1679 dotis
477 1641 709 1680 habebatur.
766 1640 886 1678 Cuius
915 1639 969 1676 rei
998 1639 1263 1677 testimonium
1292 1645 1382 1677 acta
1409 1641 1602 1689 praebent
1628 1640 1722 1677 hoc:

346 1712 459 1771 [120]
819 1713 964 1767 ibique
997 1725 1091 1754 cum
1129 1712 1233 1754 aditi
1271 1716 1414 1755 essent
1451 1713 1605 1756 fratres
1636 1713 1819 1756 Arvales
1849 1726 1875 1755 a
1908 1713 2038 1756 Bittio
2070 1712 2164 1756 Cal-

873 1781 1041 1823 listrato
1087 1781 1260 1822 nomine
1298 1781 1400 1823 Bitti
1431 1782 1573 1824 Thalli
1616 1781 1817 1824 calatoris
1855 1781 1958 1824 Bitti
1995 1781 2164 1824 Proculi

875 1847 1075 1905 [petente]
1099 1849 1130 1904 ¹)
1161 1853 1208 1901 ut
1237 1849 1277 1891 ei
1308 1848 1360 1891 ob
1396 1849 1613 1892 introitum
1644 1849 1912 1906 redderetur,
1942 1861 2165 1904 quaerere-

872 1922 1022 1972 turque
1054 1930 1110 1959 an
1141 1917 1321 1970 legitimi
1353 1918 1554 1960 calatoris
1574 1918 1669 1961 loco
1692 1916 1914 1960 habendus
1935 1921 2059 1973 esset,
2091 1917 2164 1972 qui

872 1983 931 2041 [in
962 1998 1137 2028 numero
1177 1983 1430 2042 calator]um
1461 1986 1555 2028 siue
1591 1987 1764 2028 introitu
1800 1985 1959 2042 fuerat,
1990 1985 2164 2042 placuit,

875 2066 969 2095 cum
985 2054 1151 2096 calator
1171 2054 1362 2096 accessio
1385 2055 1440 2097 sit
1460 2053 1710 2110 sacerdotis,
1743 2052 1876 2097 semel
1903 2052 1957 2096 ob
1988 2051 2166 2111 [intJroi-

874 2125 963 2163 tum
992 2121 1142 2163 inferri
1174 2119 1359 2177 [debere‚
1391 2122 1490 2164 licet
1535 2122 1646 2164 alius
1692 2120 1870 2178 ca]lator
1913 2120 1968 2164 ab
2014 2119 2166 2164 eodem

876 2188 1099 2231 sacerdote
1129 2189 1466 2232 substitueretur.

819 2258 844 2301 ¹)
878 2258 929 2290 sic
959 2258 1114 2291 restituit
1150 2257 1390 2291 Mommsenus
1422 2258 1639 2291 Staatsreckc
1672 2260 1702 2299 1,
1733 2259 1820 2299 2833
1854 2256 2019 2304 petentis
2050 2257 2168 2291 minua

881 2310 973 2337 recle
999 2304 1091 2337 idem
1116 2305 1155 2338 in
1180 2303 1374 2338 Relazione
1396 2317 1431 2347 p.
1459 2304 1514 2345 70,
1540 2306 1586 2350 cf.
1613 2304 1669 2339 71.

452 2375 598 2414 Bittius
628 2373 844 2419 Proculus,
888 2384 975 2410 cum
1015 2372 1056 2409 in
1098 2373 1308 2422 collegium
1349 2377 1558 2422 cooptatus
1603 2378 1721 2422 esset,
1765 2373 1980 2411 calatorem
2021 2371 2169 2410 fecerat

348 2436 527 2474 libertum
558 2435 723 2474 Bittium
753 2435 952 2481 Thallum,
983 2435 1048 2484 qui
1077 2435 1127 2472 ob
1163 2435 1377 2483 introitum,
1407 2439 1448 2473 ut
1475 2437 1533 2473 fas
1575 2441 1670 2483 erat,
1711 2436 1749 2473 in
1791 2447 1923 2475 arcam
1963 2433 2169 2479 intulerat3

351 2509 443 2536 mox
472 2498 617 2536 Thallo
649 2498 908 2536 substituerat
933 2497 1114 2534 libertum
1143 2498 1279 2546 alium,
1318 2498 1383 2548 qui
1418 2510 1494 2536 non
1526 2499 1668 2537 intulit.
1725 2498 1894 2537 Thallus
1923 2502 2052 2536 autem
2075 2506 2167 2536 cum

348 2560 534 2598 defuncto
563 2559 736 2598 Proculo
766 2560 834 2609 (ef.
863 2571 899 2598 a.
924 2561 995 2597 120
1025 2572 1057 2597 V.
1082 2560 1128 2597 21
1147 2561 1272 2610 seqq.)
1301 2551 1348 2597 ex
1377 2560 1507 2598 officio
1537 2562 1674 2609 exiret,
1702 2560 1922 2610 postulavit
1948 2570 1973 2601 a
2001 2558 2168 2608 collegio

347 2633 419 2672 per
447 2621 614 2660 Bittium
649 2621 923 2661 Callistratum
951 2621 1207 2662 conlibertum
1235 2627 1278 2659 ut
1308 2634 1480 2671 summa,
1527 2634 1646 2673 quam
1675 2623 1723 2661 ob
1754 2622 1953 2660 introitum
1981 2620 2179 2659 intulerat.

344 2686 377 2723 ei
407 2684 678 2723 restitueretur
693 2686 742 2724 ab
764 2696 888 2734 eoque
908 2684 1198 2734 impenderetur
1216 2685 1282 2734 qui
1304 2685 1379 2723 sibi
1401 2686 1638 2724 substitutus
1665 2689 1780 2723 esset.
1822 2682 2004 2732 Collegio
2033 2686 2167 2722 tamen

346 2747 496 2798 placuit
540 2747 659 2785 semel
696 2748 745 2784 ob
783 2747 984 2785 introitum
1021 2747 1153 2784 inferri
1174 2746 1354 2795 uehere,
1391 2748 1607 2786 calatorem
1643 2747 1764 2796 igitur
1797 2746 2055 2784 substitutum
2096 2756 2169 2796 pro

346 2810 522 2860 legitimo
545 2807 772 2847 habendum
801 2820 904 2856 esse,
938 2808 1092 2846 etiamsi
1122 2820 1197 2846 non
1227 2808 1438 2848 intulisset.
1490 2809 1548 2848 Of.
1579 2808 1801 2847 Mommsen
1829 2808 2054 2847 s'taatsreokt
2077 2807 2101 2847 1.
2132 2818 2166 2846 e.

346 2872 413 2921 qui
441 2872 593 2910 diverse
623 2870 892 2920 explicaverat
919 2870 957 2908 in
988 2870 1191 2909 Relazione
1218 2882 1256 2919 p.
1281 2870 1341 2908 71.
