2340 3658
2009 243 2081 277 Pag-

330 293 410 338 ΙΙΙ.
474 291 631 337 VOTA
662 290 734 335 OB
768 286 986 334 CAUSAS
1017 283 1379 330 SINGULARES
1409 283 1604 326 EXTRA
1641 282 1749 345 ΟΒ-Δ

476 360 662 404 DINEM
689 358 877 403 FACTA
879 382 1718 398 ...................
1895 356 2082 392 114—126

471 432 575 466 Vota
603 429 705 465 facta
730 428 778 463 ob
805 438 957 463 causam
982 427 1159 471 ignotam.

653 507 665 513 -
732 496 800 532 pro
827 486 948 522 salute
976 485 1034 521 Ti.
1062 483 1246 520 Caesaris.

652 565 665 571 -
733 544 780 579 ob
809 544 1045 580 securitatem
1073 543 1111 576 et
1137 540 1295 576 salutem
1321 538 1498 574 eiusdem.

655 623 668 630 -
735 613 802 649 pro
828 601 1040 637 valetudine
1065 599 1241 636 Neronis.

653 682 666 687 -
731 671 797 707 pro
823 663 931 707 partu
957 663 992 695 et
1018 659 1273 694 incolumitate
1301 657 1518 703 Poppaeae.

651 739 665 746 -
732 719 780 754 ob
806 717 956 754 detecta
979 718 1201 753 nefariorum
1229 715 1386 752 consilia

652 798 664 804 -
730 779 884 823 propter
909 775 1158 811 valetudinem
1184 774 1350 811 Neronis

652 856 664 862 -
730 846 794 880 pro
822 835 941 870 salute
970 838 1007 869 et
1032 835 1153 869 reditu
1179 834 1345 869 eiusdem
1374 835 1412 867 et
1437 831 1686 867 Messallinae.

650 916 662 922 -
732 905 798 940 pro
826 894 947 929 salute
975 896 1013 928 et
1037 892 1157 928 reditu
1183 891 1345 928 Vitellii.

652 973 665 980 —
731 963 799 999 pro
827 952 949 988 salute
975 955 1014 987 et
1039 950 1199 987 adventu
1225 950 1404 986 eiusdem.

650 1031 662 1037 -
730 1010 777 1045 ad
802 1010 1071 1046 restitutionem
1098 1012 1136 1045 et
1162 1008 1438 1045 dedicationem
1466 1006 1653 1053 Capitolii.

654 1091 666 1096 -
731 1080 798 1116 pro
826 1069 947 1105 salute
974 1072 1010 1104 et
1036 1068 1291 1104 incolumitate
1318 1065 1533 1102 Domitiani.

646 1151 658 1156 -
724 1139 791 1175 pro
819 1127 938 1163 salute
966 1131 1003 1163 et
1028 1128 1185 1163 victoria
1210 1129 1249 1162 et
1273 1125 1392 1162 reditu
1419 1125 1584 1160 eiusdem

652 1209 664 1214 -
731 1197 798 1233 pro
826 1187 944 1222 salute
972 1190 1008 1221 et
1034 1186 1155 1222 reditu
1183 1185 1359 1221 eiusdem.

651 1267 663 1273 -
731 1255 799 1292 pro
826 1244 944 1280 salute
972 1247 1010 1279 et
1034 1244 1158 1279 reditu
1182 1246 1221 1279 et
1244 1243 1401 1279 victoria
1425 1242 1589 1277 Traiani.

653 1326 666 1331 -
731 1313 798 1350 pro
825 1304 878 1339 itu
905 1305 943 1339 et
966 1302 1090 1339 reditu
1116 1302 1292 1339 eiusdem.

651 1385 664 1391 -
732 1362 779 1398 ob
795 1362 1001 1407 ingressum
1018 1361 1200 1398 Caracalli
1220 1361 1267 1398 ad
1283 1361 1441 1396 hiberna
1454 1358 1713 1396 Nicomediae.

649 1443 661 1450 -
727 1432 794 1467 pro
821 1421 942 1456 salute
970 1424 1005 1456 et
1030 1421 1152 1457 reditu
1179 1423 1218 1456 et
1241 1420 1400 1456 victoria
1425 1418 1633 1454 Alexandri
1657 1419 1711 1462 (ἲ).

646 1503 658 1508 -
726 1481 773 1515 ob
800 1480 1070 1516 matrimonium
1098 1479 1289 1516 Gordiani.

471 1601 568 1634 Acta
595 1608 668 1644 quo
695 1595 806 1632 modo
834 1599 1019 1643 concepta
1045 1596 1138 1632 sint:

526 1660 557 1694 1.
609 1666 726 1692 annus
753 1659 791 1691 et
817 1655 907 1690 dies.

524 1718 558 1753 2.
608 1716 724 1751 locus.

525 1777 557 1811 3.
608 1777 775 1810 votorum
801 1774 907 1809 ratio.

610 1833 752 1878 Quibus
793 1831 1002 1867 numinibus
1050 1831 1258 1878 quibusque
1301 1831 1459 1865 victimis
1500 1832 1589 1866 vota
1629 1840 1709 1864 sus—

611 1896 724 1939 cepta
750 1891 838 1927 sint.

523 1953 556 1988 4.
607 1961 754 1987 carmen
781 1952 960 1986 votorum.

522 2012 555 2047 5.
605 2011 839 2057 praesentes.

255 2129 299 2172 O.
368 2126 619 2171 PIAOULA
622 2153 1471 2166 ...................
1494 2113 1497 2116 '
1509 2152 1711 2161 .....
1889 2124 2076 2162 127—149

369 2197 402 2239 I.
462 2195 711 2249 PIACULA
740 2194 943 2238 ANNUA
973 2194 1108 2237 LUCI
1140 2191 1563 2244 COINQUIENDI..
1605 2223 1610 2228 .
1652 2223 1658 2228 .
1703 2224 1710 2232 .
2007 2195 2074 2231 127

467 2265 513 2300 cf.
540 2266 638 2300 sacri
665 2265 756 2300 deae
781 2265 876 2300 Diae
903 2264 984 2300 dies
1011 2264 1114 2300 alter.

345 2359 401 2401 ΙΙ.
461 2359 711 2403 PIACULA
748 2359 821 2404 OB
859 2359 1030 2402 FERRI
1068 2356 1431 2401 INLATIONEM
1469 2355 1541 2398 ΕΤ
1578 2354 1709 2397 ELA-

461 2427 683 2471 TIONEM
713 2429 949 2475 FACTA..
988 2455 1707 2468 ................
1888 2429 2075 2466 128—135

466 2497 614 2543 piacula
645 2498 739 2533 haec
772 2498 809 2532 in
842 2497 927 2533 acta
956 2497 1085 2532 referri
1117 2499 1254 2543 coepta
1287 2498 1373 2531 sunt
1398 2495 1492 2529 inter
1519 2504 1636 2529 annos
1663 2493 1709 2530 59

468 2557 507 2590 et
530 2557 585 2593 80.

465 2617 552 2650 acta
577 2625 650 2661 quo
676 2615 787 2651 modo
814 2618 999 2661 concepta
1024 2615 1118 2650 sint:

520 2675 550 2709 1.
599 2684 717 2710 annus
744 2677 783 2710 et
807 2674 899 2712 dies,

518 2733 552 2769 2,
601 2733 718 2777 locus.

519 2792 551 2826 3.
602 2792 697 2826 ratio
724 2791 964 2838 piaculorum.

607 2861 638 2886 a.
677 2860 787 2896 quam
813 2849 860 2884 ob
888 2859 1039 2885 causam
1064 2850 1166 2886 facta
1191 2850 1266 2885 sint
1290 2845 1451 2893 piacula.

676 2908 793 2943 Ferro
819 2908 857 2942 in
883 2909 1001 2944 sacris
1028 2919 1100 2944 non
1126 2908 1268 2944 licebat
1292 2907 1357 2942 uti.

605 2967 644 3004 b.
679 2978 701 3002 a
727 2977 800 3012 quo
826 2966 927 3002 facta
953 2968 1029 3002 sint
1053 2966 1214 3014 piacula.

676 3026 733 3061 De
769 3026 947 3071 magistro
984 3047 1021 3051 ——
1059 3026 1223 3062 calator-e
1260 3044 1303 3051 —
1334 3023 1518 3059 tabulario
1550 3024 1707 3060 rationis

676 3084 883 3119 kastrensis
909 3105 954 3110 —
981 3085 1142 3131 publicis
1171 3105 1209 3109 -
1241 3095 1263 3119 a
1289 3084 1406 3119 sacris
1434 3082 1572 3118 domini
1592 3082 1710 3119 nostri

678 3162 720 3167 —
748 3144 1084 3181 commentariensi.

605 3209 636 3234 c.
676 3210 748 3245 quo
775 3199 886 3236 modo
912 3202 1014 3238 facta
1039 3204 1114 3237 sint
1138 3201 1298 3249 piacula.
