2340 3658
922 218 1041 254 Iudex
1065 219 1211 255 Rerum.

170 329 429 377 Imperium:
455 330 665 367 immolatur
691 333 739 368 ob
766 354 810 359 -
835 333 875 369 C.
895 334 1032 370 Caesa·

214 388 267 432 ris
282 389 380 434 Aug.
403 389 461 431 63,
488 409 531 415 -—
557 389 720 426 Neronis
745 393 829 433 iba„
848 412 889 418 -
918 392 1034 429 Otho-

179 462 182 467 ·
215 446 273 482 nis
298 447 356 490 64,
389 468 431 473 —-
475 447 620 483 Vitellii
651 450 724 484 iba.
755 469 798 476 —
833 451 1035 487 Domitiani

194 506 307 548 ribdq
339 526 385 532 —
410 507 544 552 quibus
576 506 783 543 numinibus
810 509 1034 546 immolatum

216 564 268 600 sit
293 564 341 599 ob
366 565 557 612 imperium
582 565 638 600 72.

169 643 215 649 —
238 623 483 659 Romanum
520 628 826 661 commemoratur
865 627 902 661 in
938 627 1037 662 votis

216 683 346 718 annuis
371 683 508 718 aetatis
534 683 751 728 posterioris
778 686 856 720 103.

170 741 374 777 Indictio
406 741 578 776 sacrificii
610 741 704 777 deae
737 743 834 777 Diae
856 743 902 785 4;
927 764 967 769 -
1001 745 1037 779 in

217 800 315 836 actis
332 811 365 835 a.
381 800 428 835 38
450 800 604 846 primum
628 805 932 837 commemoratur
946 804 1037 844 ibd.;

217 879 259 884 —
286 859 421 905 quibus
446 858 579 894 diebus
598 859 806 905 quibusque
825 860 919 895 locis
939 860 1040 896 facta

217 918 270 953 sit
291 918 333 960 ὃς
362 938 403 943 -
434 917 521 952 inde
546 918 594 952 ab
620 929 715 953 anno
741 919 787 953 89
812 929 835 953 a
859 918 1038 963 magistro

218 975 267 1010 ad
291 975 490 1021 collegium
512 976 695 1011 translata
718 978 759 1023 63
777 997 820 1002 —
836 977 931 1012 ratio
958 977 1038 1012 eius

217 1036 307 1076 ihd.;
336 1055 379 1060 —
416 1045 562 1069 carmen
594 1035 635 1077 83
673 1046 746 1081 quo
776 1037 944 1081 tempore
976 1038 1040 1070 aut

217 1093 399 1129 referatur
422 1095 487 1128 aut
511 1093 702 1129 omittatur
724 1095 796 1128 iba.

172 1151 348 1188 Inlatio
380 1151 516 1186 ferri:
556 1152 707 1198 piacula
741 1152 790 1187 ob
827 1163 907 1188 eam
946 1153 1045 1188 facta

219 1212 418 1249 123-135.

176 1271 303 1307 Iovis
328 1271 480 1305 victor
504 1281 537 1305 v.
562 1269 782 1316 Iuppiter
805 1269 974 1304 victor.

178 1331 308 1373 Iuno,
347 1330 457 1364 Iuno
494 1328 670 1374 regina:
702 1327 907 1362 immolatur
931 1327 1045 1362 eiob

223 1391 313 1424 vota
341 1399 464 1423 annua
500 1388 545 1422 91
571 1387 618 1422 94
646 1388 693 1422 95
716 1387 762 1422 96
793 1387 859 1422 101
892 1387 976 1428 103,
1004 1405 1044 1410 -—

224 1447 272 1483 ob
298 1450 387 1482 vota
412 1458 479 1493 pro
506 1446 626 1482 salute
641 1456 815 1481 novorum
842 1444 1048 1490 principum

200 1540 203 1541 ⁷
224 1505 397 1548 Othonis,
420 1505 634 1547 Domitiani,
660 1503 856 1548 Elagabali
884 1504 952 1538 105
970 1503 1048 1543 106,

226 1583 271 1589 -
287 1563 335 1599 ob
353 1563 497 1598 natales
516 1563 720 1610 principum
736 1563 793 1603 57,
808 1581 852 1586 --
868 1560 914 1595 ob
931 1561 1047 1606 impe-

223 1621 316 1658 rium
341 1622 386 1657 71
412 1623 468 1663 72,
486 1643 529 1649 —
549 1621 596 1656 ob
621 1620 855 1656 tribuniciam
883 1621 1047 1664 potesta·

221 1683 296 1715 tem
326 1681 384 1722 73,
414 1701 448 1704 —
484 1680 531 1716 ob
550 1679 703 1716 comitia
727 1677 938 1714 consularia
961 1678 1022 1711 ibd
1038 1704 1047 1718 ‚

223 1757 266 1764 —
293 1738 341 1774 ob
366 1739 555 1774 introitum
575 1737 792 1773 consulatus
816 1738 906 1778 ibd„
927 1757 967 1762 —
995 1735 1044 1771 ob

224 1797 513 1844 appellationem
552 1797 671 1843 patris
701 1796 845 1842 patriae
882 1796 966 1837 iba„
1000 1813 1043 1819 —

225 1855 274 1891 ob
312 1855 559 1890 valetudinem
591 1854 754 1890 Neronis
790 1855 877 1896 122,
914 1873 957 1878 —-
996 1853 1044 1888 ob

225 1913 519 1961 supplicationes
550 1924 616 1960 pro
648 1913 769 1948 salute
799 1912 963 1948 Neronis
988 1911 1046 1954 84,

225 1992 267 1998 ——
294 1983 362 2019 pro
391 1972 512 2008 salute
545 1975 581 2006 et
611 1971 735 2006 reditu
767 1971 931 2006 eiusdem
963 1971 1048 2013 iba„

226 2050 265 2056 —
295 2031 343 2065 ob
370 2030 565 2065 adventum
585 2030 677 2072 eins,
695 2023 912 2076 Poppaeae,
938 2029 1048 2065 Glau-

227 2088 313 2124 diae
338 2090 422 2131 iba„
442 2109 483 2113 —
511 2089 558 2124 ob
584 2088 723 2124 laurum
740 2089 821 2123 eius
845 2089 902 2131 85,
930 2107 972 2113 —
999 2087 1047 2122 ob

228 2147 525 2194 supplicationes
556 2158 579 2182 a
611 2152 744 2182 senatu
775 2146 948 2182 decretas
976 2147 1050 2182 ibcl.

187 2206 190 2207 ⁷
227 2225 271 2232 --
298 2206 346 2241 ob
374 2205 513 2241 laurum
545 2205 592 2240 ab
620 2204 766 2241 Othone
799 2206 958 2252 positam
990 2205 1048 2246 86,

228 2284 268 2290 -
297 2265 345 2300 ob
378 2265 477 2299 diem
510 2274 583 2310 quo
616 2263 742 2298 urbem
775 2263 964 2308 ingressus
990 2265 1051 2298 est

227 2323 489 2370 Vespasianus
515 2324 607 2365 ibd.;
625 2341 668 2348 ——
693 2324 816 2357 votum
842 2332 909 2368 pro
927 2320 1049 2356 reditu

226 2381 379 2417 Traiani
413 2382 459 2417 ab
486 2381 726 2428 expeditione
752 2381 894 2416 Dacica
925 2379 1048 2426 priore

168 2469 174 2474 .
228 2440 320 2481 123;
347 2460 389 2465 -
416 2441 623 2475 immolatur
661 2435 712 2475 δὴ
741 2438 937 2474 adventum
970 2438 1049 2473 Ha—

229 2497 348 2533 driani
371 2499 430 2541 86,
455 2518 501 2524 —
526 2498 574 2533 ob
601 2497 759 2533 salntem
783 2497 1051 2543 victoriamque

230 2556 491 2592 Germanicam
515 2555 696 2591 Antonini
723 2555 851 2591 Severi
879 2555 902 2590 f.
928 2558 968 2590 et
990 2555 1050 2590 Iu-

232 2615 305 2651 liae
331 2616 429 2661 Aug.
454 2616 548 2658 ibd.,
575 2634 619 2639 —
653 2614 701 2649 ob
727 2617 815 2649 vota
846 2613 893 2648 ob
919 2624 1053 2648 causas

229 2674 436 2719 singulares
455 2676 562 2709 extra
578 2672 745 2708 ordinem
764 2672 863 2707 facta
887 2673 955 2706 121
974 2672 1053 2707 122.

229 2753 275 2759 —
301 2733 406 2768 Vota
436 2743 559 2767 annua
593 2731 796 2776 singularia
830 2741 899 2776 pro
932 2730 1052 2765 salute

233 2790 426 2827 commodi
440 2791 519 2825 112.
539 2810 580 2815 -
600 2788 703 2823 Cella
728 2788 880 2823 Iunonis
899 2788 1050 2833 reginae

230 2850 268 2884 iu
293 2849 483 2896 Capitolio
511 2849 558 2883 82
583 2847 662 2882 106.

186 2926 227 2932 —
256 2907 369 2943 deae
395 2907 507 2942 Diae
533 2905 612 2941 144.

185 2985 228 2992 -
253 2966 459 3012 Poppaeae
491 2964 686 3009 Augustae
711 2963 768 3006 85,
796 2982 837 2989 -
873 2961 1052 2998 Claudiae

231 3024 427 3070 Augustae
451 3023 535 3064 iba„
561 3041 604 3048 —
628 3021 873 3057 Messallinae
898 3021 983 3064 ihd.,
1008 3040 1051 3046 -

231 3082 349 3118 Iuliae
370 3082 468 3126 Aug.
491 3080 538 3116 86
562 3080 643 3115 122.
930 3079 934 3083 ’

185 3141 414 3188 Iuppiter,
445 3139 664 3185 Iuppiter
688 3139 891 3185 optimus
918 3139 1052 3175 maxi-

231 3209 343 3234 mus:
376 3197 586 3233 immolatur
616 3197 652 3232 ei
677 3197 726 3232 ob
751 3200 841 3233 vota
864 3208 986 3232 annua
1009 3197 1053 3232 91

233 3257 282 3292 94
316 3258 363 3292 95
398 3257 444 3292 96
480 3256 548 3291 101
587 3257 672 3299 103;
708 3275 751 3281 -
783 3256 832 3292 ob
856 3259 946 3291 vota
984 3265 1052 3301 pro

234 3314 354 3350 salute
370 3325 546 3350 novorum
564 3314 767 3361 principum
787 3314 959 3357 Othonis,
979 3314 1052 3349 Do·

1888 224 1969 266 211

1151 336 1305 379 mitiani,
1323 335 1520 381 Elagabali
1545 338 1613 372 105
1631 338 1718 378 106;
1747 359 1784 363 —
1814 338 1860 372 ob
1887 342 1974 373 vota

1152 404 1272 428 annua
1299 394 1503 440 singularia
1532 405 1599 441 pro
1626 396 1745 430 salute
1771 396 1972 430 Domitiani

1154 453 1238 494 110,
1266 473 1311 478 -—
1344 451 1539 488 Commodi
1564 453 1650 494 1123
1677 473 1720 478 —
1754 453 1801 488 ob
1828 454 1972 489 natales

1151 510 1359 556 principum
1383 511 1448 553 573
1478 531 1518 537 —
1553 511 1600 545 ob
1630 511 1822 558 imperium
1848 513 1892 547 71
1919 513 1973 555 72,

1155 589 1194 594 —
1216 568 1263 604 ob
1281 569 1515 604 tribuniciam
1539 572 1762 616 potestatem
1782 571 1838 613 73,
1857 591 1899 596 —
1926 572 1974 606 ob

1152 627 1304 662 comitia
1320 627 1531 663 consularia
1547 629 1618 662 ibd.
1630 656 1639 671 ,
1657 649 1700 654 —
1718 629 1766 664 ob
1785 630 1973 665 introitum

1153 685 1369 721 consulatus
1404 687 1495 728 ibd„
1522 706 1566 712 —
1603 687 1650 722 ob
1685 687 1976 734 appellationem

1154 744 1272 790 patris
1298 744 1440 790 patriae
1466 746 1549 788 ὦῶ,
1575 765 1619 770 -
1653 746 1701 781 ob
1726 747 1976 782 valetudinem

1154 801 1317 837 Neronis
1334 803 1420 845 122,
1441 823 1481 827 —
1508 803 1556 838 ob
1575 803 1728 840 detecta
1753 806 1976 841 nefariorum

1154 860 1313 895 consilia
1343 862 1401 904 87,
1428 881 1470 887 —
1497 861 1544 896 ob
1579 863 1874 909 supplicationes
1909 877 1976 911 pro

1154 918 1274 954 salute
1300 918 1463 955 Neronis
1498 922 1581 962 iba„
1610 942 1651 947 ——
1680 933 1747 969 pro
1786 924 1906 958 salute
1939 926 1979 958 et

1154 977 1276 1012 reditu
1306 977 1472 1013 eiusdem
1498 980 1588 1022 ἐδάη
1623 1000 1663 1005 -
1699 981 1747 1015 ob
1780 981 1978 1017 adventum

1155 1036 1255 1078 eius,
1289 1036 1514 1083 Poppaeae,
1553 1037 1730 1074 Claudiae
1755 1041 1820 1083 85,
1848 1061 1887 1066 -—
1929 1041 1978 1076 ob

1154 1094 1292 1129 laurum
1324 1094 1371 1129 ab
1399 1094 1549 1131 Othone
1574 1098 1734 1143 positam
1760 1099 1826 1141 86,
1852 1119 1895 1124 —
1929 1099 1978 1134 ob

1161 1152 1257 1187 diem
1284 1163 1356 1198 quo
1381 1153 1509 1189 urbem
1534 1156 1724 1201 ingressus
1748 1161 1807 1191 est
1833 1157 1978 1203 Vespa·

1162 1211 1287 1246 sianus
1301 1213 1392 1253 ibd.;
1413 1231 1458 1236 -
1472 1216 1595 1249 votum
1610 1226 1678 1260 pro
1691 1215 1814 1250 reditu
1827 1215 1981 1250 Traiani

1163 1268 1210 1303 ab
1237 1269 1478 1315 expeditione
1504 1271 1647 1308 Dacica
1677 1274 1800 1319 priore
1827 1274 1910 1316 123;
1935 1293 1980 1300 —

1165 1327 1446 1363 —immolatur
1481 1330 1529 1364 ob
1567 1331 1764 1367 adventum
1798 1331 1982 1367 Hadriani

1163 1387 1226 1428 86,
1252 1405 1295 1411 —
1322 1386 1370 1420 ob
1402 1387 1558 1423 salntem
1589 1377 1854 1435 vic’coriamque
1889 1390 1981 1426 Ger-

1163 1444 1342 1479 manicam
1369 1445 1551 1481 Antonini
1577 1448 1705 1482 Severi
1738 1448 1760 1484 f.
1795 1451 1834 1483 et
1866 1449 1982 1484 Iuliae

1166 1505 1362 1548 Augustae
1393 1506 1485 1548 ibai..
1511 1527 1554 1532 —
1581 1505 1629 1540 ob
1660 1509 1749 1541 vota
1780 1506 1827 1541 ob
1860 1508 1982 1542 varias

1165 1572 1299 1596 causas
1325 1562 1532 1607 singulares
1563 1566 1669 1598 extra
1693 1564 1857 1599 ordinem
1883 1566 1984 1601 facta

1166 1621 1235 1656 120
1262 1621 1347 1663 121,
1366 1641 1406 1646 -—
1435 1621 1482 1655 ob
1508 1621 1656 1667 piacula
1686 1623 1825 1658 maiora
1844 1624 1921 1660 144.
1938 1645 1982 1649 —

1165 1679 1333 1725 luppiter
1354 1690 1401 1734 [o.
1433 1690 1479 1714 m.
1507 1679 1739 1726 Capitolinus
1776 1683 1986 1736 appellatur

1169 1739 1247 1775 110.

1114 1816 1158 1821 —
1185 1797 1357 1842 fulgur,
1393 1807 1653 1833 summanus
1680 1799 1759 1833 146.

1114 1874 1156 1880 -—
1185 1856 1339 1890 victor
1364 1859 1670 1891 commemoratur
1692 1868 1766 1891 nna
1782 1867 1863 1892 cum
1881 1858 1983 1894 Vic-

1166 1914 1293 1948 toria
1317 1915 1362 1948 86
1386 1914 1451 1956 873
1476 1935 1523 1940 —-
1548 1915 1757 1950 immolatur
1787 1917 1820 1950 ei
1846 1916 1894 1951 ob
1919 1917 1985 1951 im-

1165 1973 1305 2018 perium
1332 1973 1389 2015 72,
1418 1993 1458 1997 —
1492 1973 1539 2007 ob
1568 1973 1707 2008 laurum
1739 1974 1901 2010 Neronis
1926 1977 1983 2017 85,

1165 2050 1209 2056 —
1236 2042 1302 2077 pro
1329 2031 1449 2066 salute
1476 2034 1516 2065 et
1547 2031 1706 2067 adventu
1732 2033 1872 2067 vitellii
1897 2035 1982 2078 1213

1167 2110 1206 2114 ν-
1235 2094 1355 2124 votum
1381 2101 1448 2136 pro
1474 2089 1610 2130 reditur,
1620 2090 1770 2124 Traiani
1797 2091 1844 2125 ab
1870 2102 1981 2138 expc-

1165 2147 1308 2183 ditione
1326 2149 1466 2184 Dacica
1490 2149 1612 2195 priore
1640 2149 1717 2189 124,
1745 2169 1787 2174 —
1814 2150 1862 2184 ob
1888 2150 1983 2185 salu-

1164 2210 1238 2241 tem
1257 2207 1524 2252 victoriamque
1539 2207 1794 2242 Germanicam
1808 2209 1984 2243 Antonini

1166 2264 1295 2300 Severi
1321 2265 1344 2300 f.
1371 2273 1408 2301 et
1431 2265 1549 2300 Iuliae
1575 2266 1672 2311 Aug.
1697 2267 1753 2301 86.

1118 2403 1374 2439 Kalatores
1401 2405 1557 2450 singulis
1583 2405 1757 2440 fratribus
1776 2405 1914 2441 addicti
1939 2406 1984 2441 ab

1167 2463 1286 2509 iisque
1323 2463 1501 2498 nominati
1541 2464 1620 2499 VII
1660 2465 1744 2505 160;
1780 2485 1822 2488 —
1862 2464 1986 2498 liberti

1169 2524 1274 2556 erant
1298 2521 1345 2556 ab
1372 2522 1465 2568 ipsis
1492 2522 1659 2568 patronis
1685 2522 1857 2557 fratribus
1874 2525 1986 2557 Arva-

1169 2579 1267 2614 libus
1284 2579 1332 2614 ad
1348 2580 1508 2615 officium
1522 2581 1766 2626 vocatiV1H3
1787 2600 1831 2605 —
1846 2591 1988 2615 summa

1170 2637 1335 2683 legitima
1358 2637 1557 2684 pendenda
1582 2638 1629 2672 ob
1656 2638 1843 2673 introitum
1864 2649 1987 2673 eorum

1168 2698 1239 2733 ihd.
1258 2698 1341 2738 160;
1359 2717 1403 2722 —
1428 2708 1495 2744 pro
1521 2697 1738 2732 accessione
1757 2696 1988 2732 sacerdotum

1168 2755 1399 2790 habebantur
1432 2756 1527 2791 VIII
1552 2758 1639 2797 160;
1667 2776 1707 2781 -—
1743 2755 1882 2790 faciunt
1911 2755 1989 2801 pia-

1168 2813 1252 2848 cula
1276 2814 1313 2848 in
1338 2813 1422 2848 luco
1449 2813 1543 2848 deae
1570 2815 1663 2849 Diae
1697 2814 1744 2848 ob
1779 2814 1864 2849 ferri
1897 2813 1988 2848 inla-

1168 2872 1307 2907 tionem
1335 2875 1374 2906 et
1401 2871 1598 2907 elationem
1624 2872 1819 2908 132—134.

1120 3022 1213 3058 Lac
1238 3021 1276 3057 in
1301 3021 1494 3057 sacrificiis
1518 3021 1563 3056 27
1588 3023 1644 3058 31.

1119 3079 1386 3126 Lampades
1424 3080 1601 3114 incensae
1648 3079 1708 3114 die
1746 3080 1856 3114 tertio
1895 3081 1990 3115 sacri

1170 3138 1281 3173 annui
1304 3138 1351 3173 43
1374 3138 1432 3172 44.

1122 3197 1246 3232 Lara
1269 3208 1302 3231 v.
1327 3195 1545 3231 Larunda
1571 3196 1650 3231 145.

1123 3255 1266 3290 Lares
1304 3255 1340 3289 in
1373 3253 1456 3289 luco
1489 3254 1677 3289 Arvalium
1715 3254 1883 3289 coluntur
1909 3254 1992 3294 145;

1172 3332 1210 3338 —
1239 3313 1501 3348 militares:
1564 3312 1770 3347 immolatur
1832 3312 1879 3347 iis
1944 3312 1992 3347 ob

1639 3370 1729 3413 15*
