2340 3658
300 210 373 236 xw
1102 195 1315 232 Exordium.

301 323 457 364 ramus,
490 323 582 352 eum
615 314 713 366 post
743 324 911 352 menses
942 311 1171 351 nonnullos
1203 310 1342 352 denuo
1373 325 1482 366 opus
1507 311 1853 367 aggrederemur,
1877 313 2024 356 relieta
2043 314 2119 357 illa

301 378 454 419 vineae
492 383 613 432 parte
651 379 693 420 in
726 379 865 434 ipsum
898 379 1063 433 collem,
1096 378 1139 419 in
1170 378 1290 420 euius
1321 379 1454 421 latere
1487 379 1616 420 vinea
1646 378 1729 421 sita
1759 383 1841 435 est,
1874 394 1952 423 nos
1985 385 2119 424 trans-

303 446 497 487 tulimus:
530 446 588 487 ibi
611 447 722 489 enim
747 447 989 499 fragmenta
1005 459 1261 488 marmorum
1280 446 1466 501 plurima
1484 446 1601 488 humi
1618 447 1821 498 iacebant,
1838 452 1880 490 et
1900 449 2120 492 visebatur

301 528 378 555 ara
416 514 572 568 anguis
610 515 747 568 figura
784 514 967 567 insignis
1002 514 1031 568 ¹)
1069 518 1110 555 et
1149 514 1303 556 vineae
1349 527 1621 570 possessores
1661 528 1708 557 se
1762 516 1943 558 frustula
1989 518 2118 560 etiam

298 582 449 623 litteris
472 587 623 624 ornata
645 597 946 636 nonnunquam
972 582 1215 636 repperisse
1237 583 1485 624 narrabant.
1535 583 1724 638 Coeptae
1755 583 1885 637 igitur
1909 590 2005 627 sunt
2034 585 2116 628 fos-

300 651 443 692 siones
476 651 519 691 in
551 651 662 692 clivo
696 651 815 692 eollis
848 664 885 691 a.
911 650 950 691 d.
974 651 1014 692 X
1037 650 1250 692 kalendas
1272 651 1448 705 Apriles
1480 651 1580 692 anni
1615 652 1744 706 1868,
1777 652 1854 694 sed
1883 653 2004 695 nulla
2033 667 2118 696 mo—

299 723 593 760 numentorum
625 719 895 772 antiquorum
927 718 1115 771 vestigia
1145 723 1449 774 apparuerunt,
1485 718 1620 761 donee
1651 719 1695 760 in
1728 734 1937 762 summum
1968 721 2119 764 eollem

302 788 657 841 pervenissemus,
690 787 759 828 ubi
794 787 934 828 fossas
966 786 1184 839 longiores
1218 799 1268 827 ex
1301 786 1452 828 ordine
1485 786 1704 829 dueendas
1737 788 1992 844 curavimus,
2024 803 2119 832 eum

303 856 341 896 in
382 855 491 897 clivo
524 854 590 896 bie
621 855 707 896 illie
738 859 894 896 terram
926 855 1084 896 frustra
1122 859 1463 910 temptassemus.
1525 855 1625 896 Mox
1655 856 1867 898 nuntiavit
1897 857 1969 911 qui
2001 857 2120 913 operi

303 923 627 977 diligentissime
658 923 883 964 insistebat
914 924 1066 964 Petrus
1099 922 1382 964 Ceeearellius
1422 937 1566 965 muros
1598 928 1772 979 coeptos
1813 938 1907 967 esse
1937 925 2118 981 reperiri

303 991 429 1032 rudes
462 991 676 1044 collapsos
708 994 831 1045 totos,
866 991 1021 1045 partim
1055 1004 1105 1031 ex
1138 989 1269 1045 topho
1303 991 1560 1046 compositos
1593 996 1634 1034 et
1664 992 1930 1048 imbricibus,
1963 993 2119 1049 partim

302 1073 350 1101 ex
386 1059 635 1112 fragnwntis
667 1059 890 1101 marmoris
922 1063 962 1100 et
989 1058 1146 1113 lapidis
1177 1058 1403 1113 Tiburtini,
1436 1059 1479 1100 in
1510 1059 1647 1114 iisque
1679 1060 1919 1102 tabularum
1939 1075 2119 1103 marmo-

300 1140 467 1167 rearum
508 1127 690 1168 frustula
728 1127 912 1182 plurima
955 1131 1230 1180 actorumque
1278 1127 1499 1169 Arvalium
1546 1141 1621 1169 sex
1667 1127 1909 1182 fragmenta
1953 1128 2121 1171 detecta

301 1209 416 1236 esse:
465 1209 542 1236 nec
588 1194 778 1237 defuisse
825 1207 1047 1249 corporum
1098 1194 1376 1236 humanorum
1416 1196 1622 1249 reliquias
1661 1185 1908 1238 imbricibus
1949 1201 2120 1253 opertas

306 1262 474 1304 tubisve
515 1263 751 1304 cortilibus.
814 1264 862 1304 In
903 1262 1201 1305 coemeterium
1243 1263 1406 1304 scilieet
1443 1263 1661 1317 quoddam
1699 1264 1924 1306 incidimus
1963 1265 2121 1320 simpli-

301 1331 528 1385 cissimum,
553 1331 624 1371 ubi
650 1344 831 1386 corpora
852 1332 1141 1386 deposuerunt
1155 1345 1239 1372 non
1259 1332 1369 1373 areis
1387 1331 1571 1385 condita,
1596 1332 1672 1373 sed
1690 1336 1734 1373 ut
1753 1332 1941 1374 laminae
1958 1336 2120 1375 tantum

299 1400 424 1441 modo
457 1411 743 1453 marmoreae,
777 1399 903 1441 modo
943 1399 1116 1441 coctiles
1148 1403 1476 1454 usurparentur:
1515 1413 1593 1441 nee
1623 1400 1728 1455 ipsis
1761 1401 1867 1442 aetis
1898 1401 2122 1443 Arvalium

298 1471 578 1523 pepercerant
618 1468 860 1509 conditores
900 1468 1008 1522 eius,
1051 1468 1123 1521 qui
1164 1468 1346 1522 arreptis
1378 1467 1568 1522 undique
1600 1469 1882 1511 monumentis
1914 1473 1955 1511 et
1985 1469 2119 1512 saeris

301 1542 342 1578 et
372 1535 566 1591 profanis
599 1540 787 1577 mortuos
810 1536 1018 1591 sepulcris
1051 1536 1271 1578 dedissent
1301 1549 1505 1590 perquam
1538 1536 1728 1578 rudibus.
1789 1537 2120 1592 Expectationes

299 1606 510 1646 maximae
543 1604 602 1644 ita
628 1604 838 1646 exeitatae
862 1605 1034 1646 minime
1057 1605 1233 1646 delusae
1256 1608 1365 1645 sunt.
1414 1606 1592 1646 Ineunte
1623 1604 1736 1646 enim
1760 1604 1896 1659 Aprili
1917 1606 1960 1647 in
1982 1607 2119 1648 lueem

299 1673 415 1715 venit
447 1686 605 1724 inagna
637 1676 825 1713 actorum
858 1673 957 1714 anni
994 1673 1073 1715 155
1105 1672 1263 1727 tabula,
1298 1686 1408 1726 quae
1442 1676 1483 1714 et
1513 1672 1610 1727 ipsa
1640 1685 1716 1727 pro
1749 1674 1950 1727 operculo
1981 1674 2121 1716 fuerat

299 1741 477 1795 sepulcri
514 1740 757 1795 ‹euiusdam3
801 1746 841 1782 et
872 1741 925 1782 ab
960 1754 1009 1782 eo
1041 1740 1142 1782 inde
1173 1745 1363 1795 tempore
1394 1740 1587 1794 quotidie
1619 1740 1709 1781 fere
1741 1741 1994 1783 eruderatae
2023 1746 2122 1783 sunt

298 1810 470 1851 tabulae
512 1809 623 1850 aliae
661 1810 816 1863 magis,
856 1809 969 1851 aliae
1007 1809 1146 1851 minus
1187 1809 1403 1862 integrae,
1450 1807 1610 1850 fraetae
1642 1822 1775 1863 prope
1808 1822 1955 1851 omnes
1988 1813 2030 1851 et
2060 1809 2121 1851 di-

299 1878 468 1931 vulsae,
509 1877 740 1918 nonnullae
785 1877 912 1919 etiam
953 1878 997 1919 in
1037 1878 1220 1920 frustula
1258 1877 1418 1930 exigua
1455 1875 1655 1918 redactae
1694 1881 1869 1931 propter
1900 1877 2121 1919 materiem

299 1946 494 1998 fragilem
527 1945 903 1999 neglegentiamve
935 1946 1162 1987 fossorum.
1223 1946 1451 1987 Multarum
1474 1958 1642 1999 quoque
1663 1945 1917 2000 tabularum,
1940 1959 2120 2000 quarum

299 2014 538 2066 fragmenta
575 2014 619 2054 in
655 2014 783 2055 vinea
823 2013 1027 2054 inferiore
1068 2027 1201 2068 prope
1242 2013 1483 2055 aediticium
1522 2013 1749 2054 rotundum
1795 2014 1954 2055 effossa
1984 2017 2120 2070 erant,

298 2088 398 2123 tune
428 2082 469 2122 in
502 2095 664 2122 summo
697 2081 805 2122 colle
838 2081 950 2123 aliae
981 2086 1124 2136 partes
1157 2082 1350 2124 deteetae
1380 2086 1490 2122 sunt.
1535 2082 1758 2124 Fastorum
1790 2095 1960 2135 quoque
1981 2095 2121 2124 saero-

298 2165 390 2191 rum
430 2154 470 2192 et
509 2149 695 2191 civilium
735 2149 920 2190 frustula
958 2149 1116 2191 ibidem
1161 2154 1331 2204 reperta
1379 2154 1488 2190 sunt.
1551 2150 1780 2191 Praeterea
1827 2150 2120 2205 sarcophagus

298 2232 560 2260 marmoreus
592 2217 790 2259 inventus
823 2222 885 2259 est
916 2232 1009 2259 eum
1042 2218 1256 2273 operculo,
1290 2217 1466 2271 sculptis
1497 2221 1639 2258 tamen
1672 2218 1932 2260 ornamentis
1955 2231 2118 2273 carens,

300 2292 341 2329 et
372 2300 479 2328 saxa
509 2299 667 2338 magna
698 2299 949 2339 marmorea,
984 2286 1167 2328 aedifieii
1193 2286 1414 2327 cuiusdam
1438 2285 1530 2326 sive
1552 2286 1814 2327 monumenti
1836 2290 2001 2341 partes,
2033 2286 2122 2328 alia

302 2356 492 2397 fascibus
540 2354 858 2407 consularibus,
905 2353 991 2394 alia
1036 2354 1187 2396 litteris
1233 2355 1482 2409 permagnis
1528 2354 1739 2407 insignia,
1781 2353 1966 2408 denique
2008 2354 2121 2396 tituli

301 2424 492 2466 nonnulli
526 2423 785 2477 sepulcrales
817 2426 858 2462 et
888 2421 970 2476 ipsi
1002 2421 1178 2464 aliunde
1209 2421 1326 2464 allati
1348 2421 1394 2476 ²).
1442 2421 1624 2463 Patebat
1661 2422 1792 2475 igitur
1821 2422 2120 2465 coemeterium

300 2497 513 2547 repertum
547 2490 828 2531 christianum
862 2503 956 2531 esse
979 2494 1020 2532 et
1041 2490 1203 2532 abolita
1232 2491 1401 2532 demum
1434 2490 1614 2544 antiqua
1635 2491 1844 2544 religione
1866 2490 2118 2544 institutum,

301 2561 343 2601 id
382 2560 497 2613 quod
538 2559 841 2600 confirmarunt
877 2574 974 2600 mox
1007 2564 1293 2608 monumenta,
1327 2572 1436 2612 quae
1468 2559 1605 2600 lueem
1637 2558 1848 2613 viderunt,
1882 2571 1982 2601 vere
2014 2558 2120 2601 ehri-

299 2629 440 2669 stiana
461 2628 506 2682 ³).
567 2630 616 2669 In
659 2641 822 2669 summo
866 2627 978 2668 enim
1010 2628 1119 2669 colle
1149 2627 1259 2669 inter
1289 2627 1384 2681 ipsa
1416 2628 1717 2682 sepulcrorum,
1751 2627 1804 2669 de
1835 2627 1990 2681 quibus
2013 2626 2119 2668 dixi-

301 2711 404 2749 muS,
437 2695 592 2737 rudera
622 2696 846 2736 columnae
878 2695 1075 2736 iacebant
1098 2709 1329 2748 earumque
1351 2696 1479 2737 bases
1502 2700 1542 2737 et
1564 2695 1754 2750 capitula
1775 2696 1898 2738 molis
1921 2696 2117 2750 exiguae,

300 2763 465 2804 artificii
499 2768 641 2805 autem
665 2767 848 2805 aetatem
874 2763 1148 2804 ehristianam
1173 2763 1404 2805 indicantis.
1427 2764 1550 2817 eique
1581 2764 1747 2818 similis,
1782 2764 1895 2818 quod
1927 2764 1971 2807 in
1991 2777 2119 2806 xeno-

301 2832 452 2873 ‹loehio
487 2832 745 2873 I’annnaehii
780 2832 1005 2873 l‘ortuensi
1039 2832 1292 2874 observatur
1314 2831 1376 2886 ⁴).·
1407 2832 1527 2883 Quae
1559 2832 1615 2873 ad
1647 2832 1878 2873 oratorium
1900 2831 2119 2887 quoddam

307 2900 516 2954 pertinere
559 2915 586 2941 a
609 2901 810 2942 Damaso
852 2914 967 2955 papa
998 2903 1155 2943 sanctis
1186 2903 1435 2956 martyribus
1471 2902 1687 2953 Simplicio
1718 2900 1970 2944 FausTINO
2002 2900 2119 2942 VIA-

400 3039 423 3079 1)
452 3038 496 3071 cf.
525 3038 547 3075 l.
573 3050 603 3074 c.
630 3039 705 3074 tab.
728 3039 760 3073 V
788 3050 821 3073 11.
840 3039 889 3073 V.
1245 3039 1434 3073 Bullettino
1473 3040 1512 3072 di
1547 3040 1765 3083 ttrclzeoloqia
1805 3039 1980 3072 cristiana
2028 3039 2118 3074 1868

397 3095 423 3140 ²)
452 3096 497 3131 ef.
524 3097 545 3133 l.
574 3108 603 3133 e.
632 3109 666 3142 p.
687 3099 753 3133 102
769 3108 873 3142 seqq.
1244 3109 1278 3142 p.
1298 3099 1343 3132 26
1361 3109 1465 3143 seqq.
1501 3100 1538 3131 et
1572 3099 1662 3133 1869
1694 3108 1726 3142 p.
1750 3098 1905 3140 lseqq„
1945 3095 1981 3129 iu
2019 3094 2116 3130 cele-

397 3152 423 3195 ³)
453 3153 497 3188 de
538 3155 781 3189 monmnentis
824 3155 1106 3191 eln·istianorum
1139 3156 1175 3191 in
1246 3156 1402 3191 bon-nno
1430 3156 1535 3199 libro,
1565 3156 1622 3191 eui
1643 3165 1772 3189 nomen
1793 3157 1851 3194 est
1868 3154 1980 3187 Roma
1996 3161 2118 3188 souer-

305 3212 388 3246 luco
418 3213 605 3246 Arvalium
633 3213 781 3247 effossis
810 3214 962 3259 scripsit
988 3213 1110 3256 docte,
1138 3219 1178 3250 ut
1245 3226 1368 3255 ranea,
1397 3214 1545 3249 uberius
1574 3214 1620 3248 de
1648 3213 1694 3247 iis
1721 3212 1973 3257 expositurus.

305 3270 419 3312 solet,
467 3271 625 3305 Ioannes
671 3272 843 3318 Baptista
889 3273 933 3307 de
975 3273 1088 3307 Rossi
1140 3273 1175 3307 in
1341 3271 1368 3317 ⁴)
1397 3272 1442 3308 cs.
1470 3271 1515 3306 de
1542 3271 1655 3306 Rossi
1681 3271 1703 3305 l.
1731 3281 1761 3306 c.
1790 3270 1880 3306 1866
1906 3280 1940 3315 p.
1962 3270 2037 3306 103.
