2340 3658
965 176 1084 212 Index
1108 176 1255 212 Rerum.

254 311 300 320 -—
324 294 452 328 statua
475 301 556 326 cum
582 292 691 327 titulo
724 293 764 326 et
793 290 991 327 columella
1013 291 1076 326 de-

254 350 382 386 dicata
406 349 559 384 Tiberio
586 350 665 385 161.

209 408 424 445 Struibus
449 408 541 443 fiunt
565 407 714 454 piacula
737 408 817 444 135.

208 466 467 503 subsellia:
497 466 545 501 iis
576 465 739 501 considit
762 465 939 510 magister
968 467 1004 502 iu
1029 470 1082 502 te-

255 525 412 571 trastylo
452 525 520 566 213
569 524 654 557 item
698 523 859 559 Arvales
903 527 992 567 ibd.;
1034 547 1079 552 —

254 583 470 618 marmoreis
496 581 695 617 considunt
718 583 765 617 26
788 583 845 618 27.

208 640 502 677 substitutio
518 639 659 686 publici
669 640 753 682 159;
764 660 805 665 -
817 640 990 676 calatoris
1002 642 1081 676 160.

208 699 452 735 Succincti
481 697 676 744 tripodam:
701 698 920 733 sacerdotes
953 700 999 734 26
1023 700 1081 734 33.

209 755 446 792 Suffectio
471 756 651 801 magistri,
677 755 835 791 flaminis
862 758 939 792 161.

210 814 471 852 Summanus
496 817 629 860 pater
652 814 739 855 1463
759 834 800 840 -
821 815 856 849 ei
874 815 1082 850 immolatur

254 873 304 908 ob
329 873 483 908 arbores
501 871 651 907 fulmine
671 875 795 908 tactas
812 875 903 915 {hcm
921 895 967 900 —
991 885 1079 909 noc-

253 934 362 966 turna
387 929 539 965 fulmina
563 931 599 964 ei
624 930 833 966 tribuuntur
856 933 927 968 ibd.

207 989 459 1031 Summoto,
485 989 531 1022 ad
555 992 812 1024 summotum
837 990 884 1026 24
907 991 962 1026 28.

206 1046 498 1094 Sumpuvium
530 1058 566 1081 v.
593 1047 874 1094 simpuvium.

207 1104 560 1142 suovetaurilia
585 1106 621 1140 in
647 1106 747 1151 agris
779 1105 982 1141 lustrandis
1014 1107 1078 1142 im-

251 1162 392 1198 molata
414 1163 482 1205 483
508 1183 550 1189 —
584 1164 725 1199 maiora
757 1168 797 1199 et
827 1164 970 1199 minora
1001 1166 1078 1201 143.

207 1221 585 1268 supplicationes
627 1221 791 1258 indictae
839 1233 907 1269 pro
959 1224 1079 1259 salute

252 1279 418 1316 Neronis
444 1280 499 1316 77.

209 1338 460 1385 Synthesis
485 1338 543 1375 15.

208 1443 416 1479 Tabulae
454 1443 594 1479 missae
631 1445 679 1479 ab
714 1445 999 1491 imperatoribus
1033 1446 1079 1480 de

254 1501 479 1549 cooptandis
510 1502 668 1547 collegis
694 1503 772 1539 153.

209 1561 243 1597 Τ
253 1561 490 1597 abularius
508 1561 663 1596 rationis
675 1561 883 1597 kastreusis
896 1563 1081 1608 piaculum

255 1620 347 1655 facit
377 1619 415 1655 in
441 1619 526 1654 luco
559 1619 653 1655 deae
677 1620 774 1655 Diae
805 1630 887 1655 cum
919 1621 1081 1667 publicis

259 1679 328 1714 133
353 1678 432 1714 134.

210 1735 491 1783 Tempestas
517 1736 638 1772 nivis
664 1737 744 1773 138.

210 1793 318 1830 Tem
332 1795 451 1842 plum
469 1806 627 1831 novum
645 1794 737 1830 divi
755 1796 956 1840 Augusti
972 1797 1081 1831 situm

257 1855 339 1887 erat
387 1853 435 1888 ad
479 1854 596 1889 forum
638 1863 736 1899 pone
779 1853 910 1888 aedem
948 1854 1083 1889 Casto·

251 1922 342 1954 rum,
369 1911 582 1947 dedicatum
606 1922 630 1946 a
653 1911 695 1947 C.
714 1912 876 1947 Caesare
893 1915 993 1957 Aug.
1016 1914 1083 1955 55;

251 1988 292 1994 -
331 1968 430 2005 idem
468 1974 530 2005 est
560 1980 606 2005 ac
636 1970 813 2017 templum
854 1971 892 2005 in
931 1971 1081 2006 Palatio

255 2026 342 2064 divo
366 2029 541 2073 Augusto
566 2028 703 2064 factum
729 2030 821 2072 ihd.;
847 2050 890 2056 —
916 2030 1080 2065 immola·

254 2090 315 2126 tur
348 2086 386 2122 in
424 2098 470 2123 eo
507 2087 555 2122 ob
594 2087 784 2134 imperium
823 2088 864 2123 C.
905 2088 1078 2124 Caesaris

255 2146 412 2190 Augusti
453 2148 492 2181 et
530 2145 712 2188 Neronis;
755 2146 803 2181 ob
845 2148 1076 2183 consulatum

254 2202 439 2248 Neronis;
462 2204 563 2247 item,
588 2207 630 2239 ut
654 2203 811 2247 videtur,
836 2205 884 2240 ob
910 2206 1076 2251 appella·
1128 2221 1134 2225 ¹

251 2261 391 2298 tionem
414 2264 533 2309 patris
548 2263 693 2309 patriae
711 2262 865 2298 Claudio
891 2263 1077 2299 decretam

256 2321 315 2355 71.
342 2340 384 2346 -—
411 2320 468 2357 cf.
493 2321 648 2356 aedes.

207 2379 527 2425 Tetrastylum
544 2379 754 2415 Arvalium:
772 2380 944 2416 videntur
960 2380 995 2415 ei
1012 2381 1078 2416 tri—

253 2437 315 2472 bui
352 2448 467 2484 posse
504 2438 637 2472 rudera
676 2438 713 2473 in
752 2439 862 2475 vinea
898 2439 1078 2485 Stephani

253 2496 475 2532 Ceccarellii
500 2496 574 2531 sita
590 2496 702 2538 XIX;
728 2516 772 2522 —
797 2498 908 2532 situm
926 2501 1006 2532 erat
1031 2497 1078 2532 ad

252 2554 400 2590 radices
436 2554 546 2590 collis
582 2555 619 2589 in
659 2554 770 2601 plano
806 2555 900 2590 XXI
937 2557 1003 2597 23;
1036 2576 1078 2581 -

253 2611 439 2647 diversum
464 2623 487 2647 a
512 2611 699 2648 Caesareo
726 2614 814 2654 ἕως
845 2634 882 2637 —
911 2625 984 2660 quo
1002 2615 1078 2649 rere

174 2716 178 2719 η
251 2674 420 2716 tempore
444 2670 678 2706 aedificatum
704 2671 755 2706 sit
771 2671 902 2714 XXII;
927 2693 971 2699 -
996 2673 1076 2720 plu·

252 2728 355 2763 ribus
381 2729 550 2775 partibus
581 2731 815 2767 consistebat
845 2732 937 2773 ibd.;
963 2751 1007 2756 —
1038 2732 1075 2766 in

253 2797 299 2821 eo
324 2786 525 2822 considunt
548 2788 701 2824 Arvales
731 2791 779 2827 20
801 2792 858 2827 21.

206 2844 458 2880 Thesauri:
490 2865 529 2871 —r
552 2845 685 2881 dantur
701 2848 764 2890 263
792 2869 833 2874 —
853 2851 939 2884 sunt
956 2847 1093 2895 stipes‘

252 2901 365 2938 datae
390 2913 413 2938 a
436 2903 697 2939 sacerdotibus
721 2907 779 2941 31.

206 2959 444 2996 Tiridatis
473 2962 510 2996 in
535 2962 661 2996 urbem
687 2962 868 2999 adventus
894 2965 950 3000 78.

205 3017 452 3054 Toralibus
468 3019 566 3055 albis
583 3022 827 3065 segmentatis
842 3021 1078 3058 discumbunt

250 3075 408 3112 Arvales
437 3078 493 3113 12.

205 3133 364 3177 Torre,
401 3135 600 3183 Philippus
635 3136 735 3173 della
775 3158 832 3181 —,
870 3149 992 3174 errore
1027 3138 1074 3173 ad

252 3193 347 3228 viam
366 3192 580 3230 Ostiensem
606 3199 693 3232 acta
713 3197 903 3233 Arvalium
928 3200 1078 3243 reperta

254 3260 341 3291 esse
367 3251 522 3301 scripsit
544 3253 652 3289 xm.

1931 175 2013 218 217

1148 289 1420 326 Tribunicial
1451 292 1681 337 potestas:
1719 290 1927 325 immolatur
1968 290 2016 324 ob

1193 347 1280 382 trib.
1319 354 1398 394 pot.
1430 348 1607 392 Neronis,
1645 349 1822 390 Othonis,
1859 348 2017 389 Vitellii,

1196 406 1398 442 Domitiani
1438 409 1502 448 653
1544 427 1586 432 -
1629 407 1859 442 intervallum
1909 405 2019 440 modo

1197 465 1348 500 brevius
1383 465 1492 501 modo
1524 465 1671 510 longius
1702 465 1799 500 inter
1827 464 1912 500 trib.
1937 467 2019 509 pot.

1197 522 1384 559 decretam
1410 530 1449 559 et
1474 525 1722 559 renunciatam
1747 525 1819 559 iba.

1149 580 1505 618 Tricliniaribus
1531 582 1769 617 discumbunt
1784 581 1943 616 Arvales
1962 581 2019 617 12.

1150 638 1404 685 Tripodare
1429 642 1486 677 26.

1151 696 1239 732 Tus
1272 708 1331 732 res
1355 699 1551 745 peregrina
1581 702 1621 734 et
1644 698 1792 733 novella
1815 699 1878 739 933
1907 719 1947 723 —
1982 701 2021 733 et

1198 756 1318 790 vinum
1344 756 1421 791 fere
1446 768 1593 803 semper
1617 756 1851 792 coniunctum
1870 757 1956 797 ibd.;
1976 776 2018 782 —-

1196 818 1277 849 ture
1303 818 1343 849 et
1366 815 1463 856 vino,
1489 819 1570 850 ture
1595 815 1681 849 vino
1708 814 1848 850 faciunt
1865 814 2018 849 Arvales

1199 872 1240 906 11
1262 873 1306 907 12
1322 873 1369 907 24
1384 874 1430 908 26
1448 875 1494 909 39
1510 874 1557 908 42
1573 875 1618 908 92
1634 875 1692 909 93.
1707 893 1748 898 ——
1767 873 1879 908 Turis
1894 872 2018 918 pondo

1198 930 1466 976 quinquaginta
1487 932 1632 966 nomine
1650 931 1852 966 calatorum
1870 930 2020 975 collegii

1199 987 1347 1022 fratrum
1368 990 1555 1024 Arvalium
1582 990 1734 1025 missum
1758 990 1796 1024 in
1821 999 2018 1025 consecra-

1198 1045 1336 1080 tionem
1362 1048 1541 1082 Matidiae
1568 1050 1663 1093 Aug.
1688 1050 1744 1083 88.

1150 1103 1457 1140 Tuscanicae:
1491 1117 1558 1142 eas
1589 1107 1809 1151 contingunt
1839 1110 1878 1142 et
1902 1106 2017 1142 domi-

1197 1162 1266 1197 bus
1293 1164 1371 1199 suis
1397 1165 1549 1200 mittunt
1574 1164 1727 1200 Arvales
1750 1165 1799 1200 43
1820 1166 1878 1200 44.

1148 1268 1303 1303 Vacca
1344 1269 1429 1304 alba
1468 1270 1665 1305 honoraria
1710 1270 1917 1306 immolatur
1955 1271 2016 1306 die

1196 1326 1361 1362 secundo
1389 1329 1487 1363 sacri
1505 1329 1690 1364 Arvalium
1716 1329 1827 1364 annui
1851 1329 1898 1364 ad
1916 1341 2016 1365 aram

1196 1385 1290 1420 deae
1316 1386 1411 1420 Diae
1437 1387 1481 1422 19
1506 1389 1553 1422 20
1576 1389 1634 1423 22.

1151 1444 1275 1479 Vasa
1310 1443 1441 1479 fictilia
1477 1445 1514 1479 iu
1546 1445 1741 1481 sacrificiis
1774 1447 2021 1482 Romanorum

1196 1507 1374 1548 usurpata
1405 1505 1468 1545 30;
1495 1523 1537 1530 —
1570 1504 1606 1538 in
1638 1504 1721 1539 luco
1747 1505 1932 1541 Arvalium
1961 1517 2019 1541 re-

1203 1564 1310 1606 perta
1336 1562 1407 1595 iba.
1433 1572 1467 1595 n.
1494 1563 1525 1598 1.

1153 1619 1322 1654 Velare
1340 1620 1504 1664 caputia
1521 1620 1714 1656 sacrificiis
1728 1622 1911 1658 faciendis
1925 1624 1946 1659 7
1963 1624 2020 1660 28.

1154 1677 1439 1723 Vespasiani
1466 1677 1606 1713 aedes
1631 1681 1665 1714 5.

1154 1735 1299 1770 Vesta
1331 1735 1415 1776 1473
1453 1755 1497 1761 —
1535 1736 1716 1773 deorum
1751 1739 2018 1786 dearumque

1199 1793 1277 1828 147.
1291 1813 1336 1818 —-
1352 1794 1495 1830 Vesta
1511 1798 1795 1838 materibd.;-
1813 1798 2020 1834 immolatur

1198 1852 1233 1886 ei
1248 1852 1283 1886 in
1297 1851 1381 1887 luco
1395 1854 1482 1895 ibd.;
1498 1855 1755 1890 —immolatur
1769 1856 1802 1890 ei
1817 1868 1883 1902 pro
1898 1856 2019 1891 reditu

1198 1910 1351 1945 Traiani
1376 1911 1423 1945 ab
1456 1912 1695 1958 expeditione
1721 1914 1864 1949 Dacica
1894 1915 2019 1961 priore

1197 1968 1266 2003 124
1291 1969 1377 2009 1453
1406 1989 1446 1994 -
1481 1970 1560 2005 eius
1591 1974 1629 2005 et
1653 1972 1819 2017 precatio
1845 1976 1891 2007 et*
1906 1974 2019 2009 sacri-

1196 2027 1323 2061 ficatio
1351 2034 1514 2063 extrema
1539 2036 1598 2063 est
1624 2029 1703 2064 147.

1150 2086 1378 2120 Victimae
1397 2086 1506 2121 binae
1522 2087 1671 2133 quando
1689 2088 1923 2125 immolentur
1940 2091 2018 2126 143.

1146 2145 1369 2180 Victoria
1394 2144 1513 2188 (deajzz
1540 2146 1748 2182 immolatur
1772 2147 1806 2182 ei
1832 2148 1880 2182 ob
1905 2149 2017 2195 impe-

1193 2203 1284 2238 rium
1311 2203 1367 2245 72,
1393 2222 1436 2228 —
1462 2202 1510 2238 ob
1534 2203 1769 2240 tribuniciam
1792 2209 2019 2252 potestatem

1194 2263 1251 2304 73,
1278 2282 1321 2288 —-
1357 2262 1404 2296 ob
1431 2261 1569 2296 laurum
1603 2262 1650 2296 ab
1677 2262 1824 2298 Othone
1857 2266 2019 2311 positam

1192 2322 1250 2363 86,
1276 2340 1320 2345 —-
1358 2331 1425 2366 pro
1457 2319 1579 2354 reditu
1606 2321 1757 2356 Traiani
1791 2321 1838 2356 ab
1865 2323 2018 2369 expedi-

1193 2379 1295 2414 tione
1322 2379 1464 2413 Dacica
1487 2379 1610 2424 priore
1636 2379 1715 2421 124,
1743 2400 1780 2404 —
1813 2380 1861 2415 ob
1880 2381 2017 2417 adven-

1194 2442 1269 2472 tum
1296 2436 1476 2472 Hadriani
1501 2438 1585 2478 ihd„
1613 2457 1654 2462 —
1686 2437 1733 2472 ob
1760 2438 1915 2473 salutem
1942 2441 2017 2475 vic-

1195 2496 1400 2541 toriamque
1420 2495 1675 2530 Germanicam
1691 2498 1862 2532 Antonini
1890 2500 2018 2534 Severi

1196 2554 1219 2590 f.
1251 2559 1290 2588 et
1320 2554 1436 2588 Iuliae
1467 2554 1564 2597 Aug.
1593 2555 1662 2587 ibcl.
1691 2574 1730 2578 —
1764 2554 1925 2590 redux:
1951 2558 2016 2592 im-

1196 2612 1352 2647 molatur
1385 2612 1419 2646 ei
1445 2622 1512 2657 pro
1538 2612 1658 2646 salute
1684 2616 1722 2646 et
1746 2612 1868 2648 reditu
1893 2615 2017 2650 Domi-

1195 2672 1287 2706 tiani
1313 2671 1391 2706 122.

1145 2751 1190 2757 -
1216 2728 1491 2765 Germanica
1514 2728 1691 2763 Antonini
1710 2728 1838 2764 Severi
1857 2731 1880 2767 f.
1897 2731 1944 2767 46
1960 2733 2018 2768 81.

1144 2787 1286 2822 Virae
1331 2787 1409 2823 145.

1147 2846 1371 2891 Virgines
1397 2847 1535 2883 divae
1562 2849 1642 2883 145.

1145 2904 1180 2939 V
1192 2905 1231 2939 is
1258 2916 1291 2939 m
1301 2906 1398 2941 aior
1411 2906 1555 2941 videtur
1568 2906 1642 2940 dic-i
1654 2905 1813 2940 fulminis
1828 2907 1924 2942 ictus
1937 2907 2015 2944 138.

1144 2962 1308 2997 Vittae
1342 2965 1531 3010 spiceae
1562 2966 1608 3000 26
1639 2965 1702 3007 25,
1740 2964 1783 2998 ef.
1815 2975 2015 2999 coronae

1192 3021 1380 3066 spiceae
1407 3022 1628 3056 vittatae.

1145 3080 1323 3124 Ungere
1348 3081 1455 3124 signa
1480 3079 1526 3114 24
1549 3080 1614 3119 25ς
1638 3079 1684 3114 cf.
1713 3081 1766 3114 14.

1146 3138 1441 3183 Unguentare
1466 3137 1558 3172 deas
1586 3139 1627 3172 11
1656 3139 1699 3172 12
1723 3139 1780 3173 26.

1145 3196 1386 3240 Unguenta
1420 3196 1609 3241 accipiunt
1638 3195 1793 3230 Arvales
1824 3195 1885 3231 die
1917 3196 2015 3232 sacri

1192 3254 1302 3292 annui
1328 3255 1445 3303 primo
1469 3258 1556 3303 post
1580 3252 1768 3291 meridiem
1800 3255 1860 3296 133
1879 3274 1923 3280 —
1950 3266 2013 3290 un·
