2340 3658
335 181 391 223 30
1064 180 1170 216 Sacri
1196 180 1288 215 deae
1316 181 1409 216 Diae

336 295 501 345 collegit
540 295 735 334 Brunnius
777 296 887 344 (Ana.
916 298 994 333 inst.
1024 296 1122 333 arch.
1155 296 1251 333 1856
1287 307 1324 345 p.
1348 296 1421 333 114
1438 295 1564 346 seqq.)
1599 295 1754 346 duoque
1795 308 1926 335 earum
1966 295 2139 334 ostendit

338 370 484 407 genera
512 359 644 407 fuisse,
674 359 836 396 alterum
857 369 987 396 earum
1009 358 1056 396 de
1085 357 1226 407 quibus
1248 356 1394 395 Festus
1414 362 1453 396 et
1474 358 1704 397 Macrobius
1725 359 1913 408 scribunt,
1942 358 2139 398 stabilium

338 420 521 459 videlicet
546 421 585 458 in
612 420 787 471 ipsisque
816 421 974 470 templis
1005 419 1236 467 dicatarum,
1265 420 1428 459 alterum
1448 432 1579 458 earum
1597 432 1698 471 quae
1719 421 1768 460 ob
1790 421 1959 472 aliquam
1981 433 2140 460 causam

338 483 456 521 certis
487 484 706 522 numinibus
735 483 991 532 parabantur,
1020 488 1063 520 ut
1089 483 1268 522 Hecatae
1297 487 1335 521 et
1357 483 1499 521 Iunoni
1520 483 1708 522 Lucinae.
1747 484 1801 522 Et
1820 495 1869 523 ex
1886 484 1964 523 illis
1984 483 2141 534 quidem

338 546 481 584 mensis
510 550 676 596 apparet
704 558 789 583 eam
817 545 950 594 fuisse,
979 545 1017 583 in
1045 557 1125 595 qua
1151 546 1320 584 Arvales
1346 546 1385 584 in
1414 546 1510 584 aede
1539 557 1694 584 sacrum
1714 546 1898 586 facerent.
1945 547 2142 586 Fecerunt

337 611 465 647 autem
495 609 582 646 ollis
610 608 713 655 (nam
743 608 798 646 sic
829 608 983 646 lacerae
1012 608 1168 646 litterae
1196 608 1466 648 restituendae
1494 608 1613 660 sunt),
1642 621 1743 659 quae
1771 609 1953 648 videntur
1978 610 2018 648 in
2043 609 2141 660 ipsis

337 671 478 709 mensis
498 671 695 721 repositae
725 670 857 719 fuisse,
887 676 929 708 ut
968 683 1065 710 vasa
1093 670 1268 709 videmus
1312 673 1506 711 collocata
1531 673 1570 710 in
1603 683 1739 711 mensa
1765 672 1892 712 altera
1920 685 1943 711 a
1968 673 2140 712 Bruunio

336 735 374 782 (l.
397 733 446 783 c.)
474 734 623 784 publici
666 734 757 771 iuris
786 734 904 772 facta.
948 755 998 760 —-
1043 734 1101 771 De
1131 734 1219 772 ollis
1248 734 1363 773 cultis
1395 747 1418 772 a
1444 735 1630 774 fratribus
1659 735 1871 774 Arvalibus
1899 739 1992 785 post
2019 735 2141 775 Mari-

337 798 438 835 nium
468 797 519 846 (p.
541 797 632 846 591)
671 808 796 846 nuper
828 796 1013 845 exposuit
1046 796 1221 835 Michael
1257 797 1305 835 de
1346 797 1469 836 Rossi
1506 798 1701 844 (Giornale
1728 799 1902 836 arcadico
1931 798 2030 836 1868
2057 805 2142 837 tom.

336 860 503 906 LVIII,
530 861 656 910 luylio)
695 860 761 909 qui
796 859 834 896 in
868 859 1003 896 tabula
1043 859 1201 899 adnexa
1241 860 1291 898 ad
1327 860 1556 910 opusculum
1593 860 1687 899 illud
1716 860 1807 911 (IV,
1830 862 1969 910 1—18)
1998 860 2144 900 duode-

336 923 470 972 viginti
499 922 753 972 depingenda
781 922 932 960 curavit
969 934 1065 961 vasa
1096 923 1231 962 fictilia
1258 924 1388 972 operis
1423 923 1630 962 admodum
1664 924 1772 962 rudis
1801 925 1838 962 in
1868 924 1957 962 luco
1984 924 2142 964 effossa.

336 986 444 1034 Quae
474 986 608 1024 harum
638 998 765 1023 rerum
793 985 909 1034 periti
936 985 1179 1024 affirmarunt
1206 987 1472 1025 vetustissima
1499 999 1586 1025 esse
1614 991 1653 1025 et
1689 987 1828 1025 similia
1855 999 2008 1036 eorum,
2043 978 2143 1038 quae

335 1049 386 1087 ad
414 1049 567 1088 radices
597 1048 740 1086 montis
771 1048 946 1086 Latiaris
976 1049 1047 1086 sub
1074 1049 1207 1098 lapide
1237 1050 1396 1087 Albano
1424 1050 1588 1099 reperiri
1617 1052 1764 1099 solent,
1794 1051 1876 1090 sive
1905 1051 2074 1101 sepulta,
2102 1055 2145 1090 ut

336 1112 423 1150 mihi
453 1114 558 1151 certe
589 1111 757 1150 Rossius
786 1111 985 1160 probavit,
1015 1113 1218 1161 eruptione
1239 1113 1394 1162 montis,
1423 1114 1503 1151 sive
1525 1114 1720 1152 collocata
1738 1115 1777 1152 in
1796 1113 1986 1165 sepulcris
2004 1117 2146 1164 postea

336 1176 472 1213 subtus
502 1174 715 1213 excavatis.
772 1173 885 1213 Vasa
912 1174 1047 1212 fictilia
1075 1174 1113 1212 in
1143 1174 1344 1213 sacrificiis
1375 1175 1642 1214 Romanorum
1671 1181 1860 1227 usurpata
1886 1188 1974 1216 esse
2003 1176 2147 1216 docent

333 1238 545 1288 Dionysius
562 1237 932 1276 Halicarnassensis
954 1238 1005 1286 (2,
1026 1239 1107 1287 23):
1148 1234 1224 1287 ἐγὼ
1244 1239 1342 1287 γοῦν
1362 1234 1601 1288 ἐθεασάμην
1621 1237 1662 1277 ἐν
1681 1235 1807 1290 ἱεραῖς
1833 1237 1978 1284 οἰκίαις
2005 1238 2145 1278 δεῖπνα

334 1298 575 1350 προκείμενα
603 1300 719 1343 θεοῖς
759 1297 821 1336 ἐπὶ
860 1298 1077 1349 τραπέζαις
1112 1298 1291 1345 ξυλίναις
1319 1295 1536 1349 ἀρχαϊκαῖς
1563 1299 1604 1338 ἐν
1630 1297 1774 1350 κάνησι
1802 1300 1869 1340 καὶ
1895 1299 2147 1347 πινακίσκοις

333 1359 554 1411 κεραμέοις,
585 1391 941 1401 ..........
977 1361 1044 1399 καὶ
1083 1361 1266 1407 σπονδιὶς
1301 1357 1408 1400 εἶδον
1444 1361 1739 1414 ἐγκεκραμένας
1773 1360 1845 1402 οὐκ
1878 1362 1920 1402 ἓν
1954 1360 2147 1415 ἀργυροῖς

334 1424 398 1463 καὶ
416 1428 587 1474 χρυσοῖς
614 1421 786 1475 ἄγγεσιν,
817 1421 903 1462 α’λλ>
934 1423 975 1463 ἐν
1002 1421 1267 1475 ὀστρακίναις
1286 1420 1415 1470 κύλιξι
1435 1423 1502 1463 καὶ
1519 1423 1698 1475 πρόχοις,
1728 1424 1795 1464 καὶ
1822 1422 1928 1465 πάνυ
1955 1424 2147 1478 ἠγάσθην

333 1488 414 1526 τῶν
443 1485 615 1536 ἀνδρῶν,
645 1482 706 1526 ὅτι
736 1485 998 1536 διαμένουσιν
1025 1486 1067 1526 ἐν
1095 1492 1180 1532 τοῖς
1207 1486 1394 1538 πατρίοις
1424 1484 1562 1526 ἔθεσιν
1590 1484 1709 1526 οὐδὲν
1735 1485 2049 1535 ἐξαλλάττοντες
2066 1488 2148 1528 τῶν

334 1546 516 1600 ἀρχαίων
544 1547 660 1599 ἱερῶν
689 1550 743 1595 εἷς
775 1549 847 1601 τὴν
882 1547 1074 1599 ἀλαζόνα·
1093 1548 1377 1597 πολυτέλειανς
1422 1550 1575 1590 Plinius
1604 1552 1652 1600 (n.
1672 1552 1705 1591 lt.
1733 1552 1922 1603 35,158):
1961 1556 2000 1591 in
2031 1555 2149 1592 sacris

336 1615 478 1663 quidem
505 1617 611 1652 etiam
637 1617 729 1652 inter
756 1616 822 1652 has
850 1628 935 1664 opes
961 1616 1068 1652 hodie
1094 1627 1168 1653 non
1181 1617 1356 1652 murrinis
1374 1615 1644 1665 crystallinisve,
1670 1618 1735 1654 sed
1751 1616 1923 1666 fictilibus
1936 1617 2148 1667 prolibatur

333 1680 537 1727 simpuviis;
589 1678 781 1728 Apuleius
835 1680 895 1722 (de
944 1681 1069 1728 maqia
1113 1679 1195 1724 18).·
1251 1679 1376 1715 eadem
1410 1685 1613 1728 paupertas
1653 1683 1758 1718 etiam
1792 1681 1935 1730 populo
1975 1680 2146 1718 Romano

334 1745 524 1792 imperium
552 1756 575 1779 a
597 1743 806 1791 primordio
825 1743 1014 1791 fundavit,
1037 1753 1183 1791 proque
1212 1753 1252 1778 eo
1279 1743 1318 1778 in
1344 1742 1557 1779 hodiernum
1584 1743 1654 1779 diis
1680 1743 1943 1781 immortalibus
1967 1744 2146 1793 simpuvio

336 1811 367 1842 et
392 1808 511 1842 catino
531 1806 640 1854 fictili
666 1808 865 1854 sacrificat.-
896 1804 1081 1842 Valerius
1109 1803 1304 1842 Maximus
1333 1804 1385 1854 (4,
1404 1805 1441 1852 4,
1468 1803 1544 1853 11),
1573 1816 1660 1842 cum
1684 1805 1843 1844 Romuli
1862 1817 1959 1845 casa
1986 1806 2147 1844 veteris-

336 1880 410 1918 que
442 1867 631 1918 Cupitolii
671 1867 879 1906 humilibus
909 1868 1023 1906 tectis
1053 1874 1215 1904 aeternos
1244 1873 1433 1906 memorat
1468 1868 1595 1906 Vestae
1613 1869 1910 1918 focosfictilibus
1929 1871 2036 1906 etiam
2053 1881 2150 1908 nunc

335 1934 432 1969 vasis
459 1938 647 1969 contentos.
704 1930 845 1980 Neque
888 1942 1000 1968 usum
1039 1930 1157 1968 modo
1193 1930 1394 1980 antiquum
1434 1942 1614 1969 vasorum
1650 1931 1825 1970 fictilium
1868 1936 2152 1971 conservarunt

335 1995 523 2042 Romani,
552 1994 621 2032 sed
649 1995 739 2044 ipsa
766 1994 882 2032 etiam
921 2006 1018 2032 vasa
1053 1998 1210 2032 vetusta
1244 1994 1283 2031 in
1310 2006 1382 2031 usu
1419 1994 1673 2042 remansisse,
1711 1994 1943 2044 simpuvium
1979 1994 2152 2034 ostendit

336 2058 501 2106 Numae,
532 2069 608 2108 quo
638 2057 684 2095 de
715 2057 914 2095 Iuvenalis
945 2058 996 2107 (6,
1018 2058 1131 2106 341):
1169 2063 1200 2094 et
1239 2059 1318 2106 quis
1344 2063 1426 2094 tunc
1458 2058 1640 2094 hominum
1669 2063 1891 2107 contemptor
1917 2059 2094 2096 numinis?
2120 2065 2153 2096 et

338 2123 416 2169 quis
443 2124 657 2170 simpuvium
685 2122 805 2157 ridere
832 2121 978 2157 Numae
1011 2123 1227 2170 niqrumque
1261 2123 1419 2158 catinum
1447 2133 1557 2158 ausus
1584 2122 1688 2158 erat?
1728 2119 1969 2171 Simpuvium
1996 2120 2151 2160 Numae

337 2178 417 2222 fere
445 2188 488 2222 ut
515 2195 655 2221 numen
686 2182 882 2233 quoddam
923 2183 1095 2221 divinum
1123 2183 1328 2222 Romanos
1358 2183 1549 2222 adorasse
1578 2182 1816 2221 Prudentius
1848 2185 1983 2233 (periet.
2003 2185 2041 2231 2,
2057 2185 2148 2232 277)

338 2252 476 2285 auctor
518 2251 598 2294 est,
642 2258 727 2284 cum
770 2246 924 2284 scribit:
968 2248 1148 2296 quidquid
1173 2246 1373 2299 Quiritium
1407 2253 1570 2284 sueverat
1599 2259 1707 2284 orare
1740 2249 1956 2296 simpuvium
1980 2246 2151 2295 Numae,-

337 2310 543 2360 verbisque
571 2309 618 2347 iis
647 2310 791 2359 optime
821 2321 914 2348 usus
954 2314 1015 2348 est
1046 2310 1217 2348 Rossius
1256 2308 1306 2347 ad
1346 2309 1618 2348 illustrandum
1659 2310 1773 2348 ritum
1815 2310 1914 2348 ollas
1948 2310 2150 2360 precandi,

340 2373 407 2423 qui
435 2373 474 2410 in
503 2372 603 2410 actis
633 2373 765 2422 paullo
803 2378 895 2422 post
930 2378 1177 2411 memoratur.
1235 2372 1346 2411 Ollas
1385 2377 1511 2410 autem
1543 2384 1628 2410 cum
1653 2373 1808 2422 precari
1837 2373 1943 2411 soliti
1971 2372 2049 2412 sint
2074 2375 2150 2413 Ar-

338 2437 459 2483 vales,
489 2436 624 2473 mirum
652 2448 727 2473 non
757 2441 836 2485 est,
874 2435 980 2486 quod
1017 2436 1133 2474 etiam
1171 2447 1324 2474 sacrum
1360 2435 1406 2474 iis
1435 2436 1601 2474 fecerint
1619 2435 1656 2485 ¹).
1714 2434 1800 2483 Quo
1829 2435 1933 2475 facto
1962 2436 2150 2487 magister

433 2631 458 2674 ¹)
486 2629 588 2666 Ollas
616 2636 783 2678 repertas
815 2642 901 2666 esse
928 2632 1086 2666 Rossius
1104 2634 1211 2667 notat

334 2687 387 2724 ‘in
411 2702 460 2724 un
484 2697 712 2733 sotterraneo,
740 2692 826 2725 dove
852 2691 881 2725 il
897 2691 1089 2725 sedimento
1116 2691 1209 2725 delle

339 2756 430 2783 terre
453 2761 526 2783 non
559 2761 620 2783 era
651 2750 871 2784 rimescolato
905 2750 954 2782 cla
983 2749 1083 2782 molti
1113 2749 1210 2782 scavi

340 2808 528 2850 anteriori,
564 2808 608 2842 ne
634 2808 666 2841 le
690 2809 841 2842 macerie
867 2818 975 2841 erano
1001 2813 1090 2841 state
1108 2809 1208 2841 tritu-

337 2872 416 2900 rate
441 2867 530 2900 datt’
557 2878 679 2900 annua
712 2867 942 2901 coltivazione
968 2865 1067 2899 della
1091 2868 1208 2910 viyna.

342 2924 452 2958 Basta
477 2936 658 2959 conoscere
685 2925 856 2969 alquanto
882 2925 912 2958 il
922 2925 1090 2969 prodotto
1117 2925 1209 2958 delle

345 2989 440 3017 tante
458 2985 679 3017 escavazioni
695 2984 756 3017 che
774 2985 806 3017 si
811 2985 931 3028 fanno
957 2984 1209 3018 annualmente

342 3042 402 3075 nel
425 3049 544 3075 nostro
571 3043 781 3082 suburbano,
807 3054 824 3075 e
846 3053 1052 3086 percurrere
1080 3043 1112 3075 le
1128 3054 1207 3076 sva-

342 3101 433 3133 riate
462 3101 646 3134 collezioni
671 3101 711 3134 di
735 3102 866 3135 cimelii
889 3102 942 3134 ne'
969 3102 1083 3142 nostri
1099 3102 1209 3135 musei

339 3169 406 3202 per
431 3159 554 3191 vedere
579 3159 713 3201 cltiaro,
740 3167 875 3203 quanta
901 3161 917 3193 ὲ
944 3160 981 3192 la
997 3160 1210 3203 sinyolarita

344 3216 427 3249 ‹lell'
453 3224 644 3251 accennato
671 3225 894 3252 trovamento.
943 3217 998 3251 Ne
1016 3218 1126 3251 anche
1145 3229 1211 3262 per

345 3286 422 3309 caco
446 3276 659 3310 eccezionale
677 3277 825 3321 qualche
843 3277 1048 3322 archeoloyo
1065 3287 1212 3310 romano

1282 2633 1427 2667 ricorda
1476 2643 1559 2665 aver
1606 2632 1731 2665 veduto
1764 2633 1879 2666 uscire
1917 2632 2018 2676 dagli
2053 2634 2151 2668 acam·

1277 2703 1369 2735 pure
1394 2703 1442 2725 un
1466 2691 1685 2735 frammento
1717 2690 1756 2724 cli
1781 2697 1878 2724 terra
1910 2697 2001 2725 cotta
2035 2692 2151 2726 simile

1282 2750 1355 2784 alle
1379 2756 1536 2794 scoperte
1569 2749 1629 2782 nel
1661 2749 1737 2782 luco
1763 2749 1923 2783 arvalico
1949 2774 1956 2782 .
1984 2774 1992 2783 .
2020 2773 2029 2783 .
2055 2773 2063 2782 .
2116 2747 2152 2790 ll

1281 2815 1455 2842 carattere
1481 2807 1565 2842 dell'
1585 2813 1662 2840 arte
1679 2818 1822 2841 comune
1840 2819 1863 2841 a
1881 2813 1964 2842 tutte
1982 2819 1999 2842 e
2024 2808 2150 2842 distin-

1282 2868 1351 2900 tivo
1377 2867 1461 2900 dell'
1486 2877 1594 2911 epoca
1617 2872 1751 2899 remota
1777 2865 1816 2899 di
1842 2873 1966 2900 coteste
1988 2865 2151 2911 stoviqlie

1281 2925 1298 2958 ὲ
1317 2925 1353 2958 la
1367 2931 1503 2959 coctura
1522 2924 1824 2968 imperfectissima
1837 2925 1932 2958 ossia
1945 2924 2148 2959 l'abbruato-

1281 2985 1433 3023 limeum,
1467 2993 1534 3027 per
1559 2982 1589 3016 it
1613 2983 1718 3026 quale
1743 2983 1773 3017 il
1797 2983 1912 3017 colore
1942 2982 2149 3017 ordinaria-

1279 3049 1391 3075 mente
1415 3053 1500 3075 nero
1527 3041 1543 3075 ὲ
1557 3042 1695 3075 variato
1709 3042 1805 3075 edin
1819 3041 1935 3075 talwm'
1938 3041 2151 3085 frammenti

1278 3101 1471 3134 s’avvicina
1497 3101 1535 3133 al
1558 3111 1656 3133 rosso
1683 3101 1726 3134 ed
1739 3100 1778 3134 al
1799 3099 1924 3143 9iallo.
1964 3097 2150 3143 Lapasta,

1283 3165 1408 3191 tranne
1429 3159 1542 3202 poche
1568 3159 1755 3198 acomoni,
1783 3158 1800 3191 ὲ
1817 3158 1915 3191 assai
1938 3157 2151 3202 yrossolana

1283 3228 1300 3250 e
1325 3217 1416 3250 male
1440 3217 1679 3260 manipulam,
1713 3217 1752 3250 di
1776 3217 1937 3249 maniera
1962 3216 2023 3250 che
2047 3226 2082 3249 se
2106 3227 2151 3250 nc

1283 3276 1459 3309 riconosce
1486 3281 1744 3318 patentemente
1777 3275 1813 3309 la
1839 3275 2000 3308 -materia
2032 3275 2152 3319 prima
