2340 3658
384 208 468 252 212

427 324 583 359 salutem
609 324 880 369 victoriamque
901 321 1158 356 Germanicam
1178 323 1255 355 An-

427 383 545 418 tonini
579 382 708 419 Severi
736 382 757 416 f.
786 385 823 416 et
848 380 965 415 Iuliae
998 379 1095 424 Aug.
1121 379 1186 420 86;
1214 398 1255 403 —-

427 442 567 477 vialis
596 442 659 486 (?):
688 440 894 475 immolatur
921 438 978 479 ei,
1011 436 1109 482 quod
1137 437 1256 471 Anto-

427 501 535 535 ninus
563 500 693 536 Severi
722 499 743 533 f.
771 498 816 533 ad
835 497 990 532 hiberna
1015 495 1256 531 Nicomediae

426 553 618 604 ingressus
650 558 699 592 sit
727 558 806 592 122.

376 616 603 652 Larunda
628 619 746 651 mater
770 615 907 650 Larum
934 613 1068 649 dicitur
1095 614 1173 649 145.

375 675 524 710 Latus
552 686 603 710 sc.
631 675 753 709 clavus
779 674 835 709 37.

375 733 468 768 Lav
482 744 574 769 are:
613 733 723 768 lautis
759 731 928 767 manibus
967 731 1108 766 faciunt
1141 730 1254 765 sacri-

422 792 578 827 ficantes
608 791 628 826 7
655 792 708 827 15.

375 851 628 893 Laureati‚
662 860 779 896 panes
814 861 875 883 —-:
915 849 1178 892 continguntur
1208 847 1254 882 ab

423 908 626 943 Arvalibus
654 906 714 941 die
741 908 857 953 primo
885 907 981 942 sacri
1013 906 1122 941 annui
1149 907 1192 941 11
1212 907 1256 940 12

425 968 480 1008 14,
510 987 549 993 —
579 966 790 1001 dividuntur
820 964 880 999 die
908 965 1025 1000 altero
1052 966 1096 1000 26
1121 966 1182 1007 32;
1211 985 1251 990 -

429 1037 501 1071 quo
528 1024 638 1061 modo
667 1024 802 1059 fuerint
827 1024 1031 1070 comparati
1059 1024 1112 1058 14.

374 1085 564 1119 Laurus
590 1082 752 1118 Neronis
780 1083 823 1117 78
848 1083 908 1121 85;
945 1103 984 1107 -
1014 1083 1172 1118 Othonis
1200 1083 1254 1117 79.

373 1143 571 1178 Libare:
603 1141 772 1176 libabant
797 1143 943 1176 veteres
979 1141 1075 1176 inter
1105 1152 1253 1175 mensas

424 1202 575 1247 primam
603 1205 642 1235 et
669 1199 869 1235 secundam
898 1201 951 1234 15.

371 1259 580 1294 Libelli:
615 1258 808 1304 accipiunt
833 1258 993 1293 Arvales
1026 1260 1111 1293 ante
1137 1258 1251 1304 tripo-

425 1318 614 1353 daticnem
642 1317 814 1352 carminis
839 1318 885 1352 26
910 1317 967 1351 27.

372 1377 565 1422 Lignum
593 1365 748 1418 arboffiz,
770 1386 864 1421 quae
886 1374 1089 1417 deciderat,
1114 1374 1150 1408 in
1168 1374 1250 1409 luco

419 1435 464 1470 ad
495 1434 716 1470 sacrificium
744 1433 1030 1469 consumendum
1058 1434 1137 1469 136.

370 1493 613 1539 Ligorius:
654 1491 700 1527 de
737 1492 830 1527 aede
870 1492 962 1526 deae
1000 1491 1105 1534 Diae,
1144 1503 1249 1538 quam

419 1551 588 1597 appellat
614 1553 750 1585 Arvam
786 1551 864 1585 sive
899 1550 1050 1585 Terram
1083 1551 1248 1586 Luamve

419 1609 574 1652 XX1V;
603 1630 645 1635 -
686 1608 952 1655 ichnographia
986 1608 1091 1644 aedis
1124 1610 1169 1644 ab
1204 1622 1247 1645 eo

417 1669 632 1713 excogitata
658 1669 746 1710 ibd.;
773 1687 816 1692 ——
843 1668 930 1702 item
958 1667 1004 1702 ab
1033 1679 1076 1702 eo
1104 1667 1249 1703 videtur

418 1727 604 1761 inventum
633 1737 718 1761 esse
747 1726 972 1770 diagramma
994 1725 1246 1761 Florentinum

417 1784 572 1819 relatum
591 1783 636 1819 ad
656 1784 888 1829 tetrastylum
909 1783 1098 1819 Arvalium
1118 1786 1247 1820 XXIII

415 1843 560 1878 XXIV.

369 1901 523 1936 Limes
551 1902 764 1937 Raetiae:
793 1911 873 1936 eum
901 1904 1158 1946 transgressus
1185 1908 1244 1938 est

414 1959 627 1996 Antoninus
649 1960 777 1995 Severi
803 1959 827 1994 f.
851 1960 897 1995 46
915 1960 973 1994 81.

367 2017 576 2055 Litatio:
597 2019 803 2053 litationem
834 2018 981 2053 hostiae
1001 2018 1186 2064 inspicere
1203 2021 1248 2055 26

411 2077 476 2117 29;
508 2097 547 2102 -
575 2077 696 2112 litatio
719 2076 866 2111 hostiae
890 2077 1075 2122 quomodo
1100 2078 1245 2113 intelle-

412 2134 536 2179 genda
555 2135 604 2170 sit
620 2136 682 2178 293
699 2155 742 2160 —
771 2135 878 2170 litare
898 2134 1081 2180 quomodo
1101 2135 1247 2171 differat

412 2205 431 2228 a
470 2194 717 2230 sacrificando
745 2195 814 2229 ibd.

363 2252 588 2288 Litterae
615 2253 794 2299 principis
821 2252 866 2287 de
894 2251 1105 2298 cooptando
1133 2252 1243 2287 fratre

410 2310 542 2345 Arvali
570 2312 648 2354 153,
676 2331 720 2336 —-
766 2311 812 2346 de
843 2309 1051 2355 adlegendo
1090 2310 1239 2356 publico

411 2366 479 2403 153
494 2369 582 2411 167;
601 2389 645 2395 —-
659 2370 897 2417 promagistri
913 2369 958 2403 de
979 2369 1239 2404 substituendo

410 2427 561 2473 publico
588 2428 667 2463 159.

361 2484 518 2520 Lucus
546 2486 799 2522 Arvalium:
827 2486 888 2521 ubi
906 2486 999 2521 situs
1020 2486 1128 2521 fuerit
1153 2488 1239 2529 XII;

388 2562 392 2567 ·
416 2563 458 2570 —
471 2544 655 2590 quomodo
670 2545 845 2587 evenerit,
859 2547 900 2579 ut
914 2544 959 2579 ad
978 2544 1073 2579 viam
1089 2545 1237 2581 Ostien-

408 2613 485 2638 sem
512 2603 709 2640 referretur
726 2603 839 2646 XIII;
865 2623 909 2628 --
935 2604 1079 2650 positus
1099 2606 1179 2639 erat
1197 2604 1248 2647 in,

416 2672 556 2697 summo
584 2662 679 2698 colle
715 2663 750 2696 in
784 2661 938 2707 eiusque
972 2665 1077 2708 parte
1110 2661 1232 2696 decliv

407 2720 519 2763 XXI;
538 2740 578 2746 —
596 2721 715 2756 lucum
731 2719 938 2755 escendunt
950 2720 1008 2763 24,
1029 2742 1053 2744 v—
1079 2720 1236 2755 adscen-

407 2777 498 2813 dunt
522 2780 586 2827 26,
607 2799 649 2804 —
677 2778 919 2814 desciderunt
943 2780 988 2814 26
1010 2779 1071 2822 27;
1091 2799 1133 2804 -
1161 2779 1232 2814 sol-

406 2841 538 2873 vuntur
569 2838 606 2873 in
646 2848 690 2873 eo
726 2837 837 2873 etiam
870 2840 956 2873 vota
987 2848 1108 2872 annua
1140 2837 1232 2872 deae

406 2897 500 2932 Diae
528 2898 712 2942 concepta
737 2897 780 2931 91
807 2897 863 2932 98.

357 2954 479 2990 Ludi
505 2955 750 2990 circenses
777 2954 967 2990 A1valium
993 2955 1059 2997 363
1087 2974 1128 2980 —
1162 2965 1230 2991 vo-

402 3014 488 3049 tivi
513 3013 702 3049 commissi
731 3014 806 3049 106.

358 3071 643 3107 Lumemulia
669 3082 749 3107 cum
776 3072 918 3118 rapinis
945 3073 1134 3119 accipiunt
1158 3073 1229 3108 Ar-

404 3131 507 3166 vales
526 3132 587 3172 2(3;
607 3149 650 3155 —
677 3129 860 3176 quomodo
879 3130 1132 3176 intellegenda
1156 3131 1232 3166 sint

404 3199 475 3224 non
503 3192 652 3224 constat
677 3190 732 3225 32.

356 3246 571 3282 Lustrum
598 3249 754 3283 mittitur
781 3249 1096 3285 suovetaurilibus
1116 3249 1228 3284 maio-

403 3305 505 3343 ribus
532 3307 599 3343 143
625 3307 704 3344 149.

1150 206 1264 241 Index
1290 205 1435 243 Rerum.

1328 321 1564 366 Magister
1593 319 1742 366 collegii
1770 320 1957 357 Arvalium
1991 331 2036 357 ex
2071 321 2197 358 Satur-

1375 379 1519 414 nalibus
1555 379 1682 426 primis
1716 379 1761 414 ad
1790 379 2004 416 Saturnalia
2032 379 2198 416 secunda

1374 441 1521 472 creatus
1560 439 1612 473 IV
1647 438 1693 473 25
1726 439 1812 480 161;
1846 457 1888 464 -—
1929 449 2023 474 anno
2065 449 2195 474 nomen

1375 496 1439 531 dat
1463 497 1536 538 IV;
1567 517 1605 522 -
1641 496 1720 531 eius
1747 496 1887 532 creatio
1912 497 1949 531 iu
1975 498 2070 533 actis
2095 509 2126 533 a.
2153 498 2197 533 87

1373 554 1526 600 primum
1560 558 1864 590 commemoratur
1893 556 1939 590 28
1963 555 2027 597 343
2054 575 2093 581 —
2123 555 2196 591 suf-

1374 613 1493 648 fectus
1525 613 1560 648 in
1588 613 1709 648 locum
1737 613 1918 648 demortui
1943 613 2012 656 IV,
2047 613 2094 648 cf.
2121 616 2196 649 not.

1372 673 1393 706 6
1421 672 1507 713 161;
1536 691 1575 696 --
1606 672 1640 706 in
1674 671 1794 706 locum
1822 671 1995 706 ‘absentis
2029 667 2209 717 magistri¹

1372 729 1430 764 vel
1455 729 1690 776 promagistri
1717 730 1783 765 161
1804 730 1886 772 162;
1912 749 1955 755 -
1982 726 2195 775 magisterio

1372 787 1510 834 pluries
1545 788 1646 833 fungi
1672 790 1844 834 poterant
1868 787 2028 824 Arvales
2050 788 2125 831 IV;
2151 809 2195 816 —

1370 847 1450 881 vice
1462 846 1627 892 magistri
1640 846 1860 891 fungebatur
1868 846 2124 894 promagister,
2133 848 2194 894 qui

1371 905 1506 940 dicitur
1525 905 1636 940 etiam
1655 915 1776 939 curam
1797 915 1912 949 agens
1930 905 2108 950 magistro
2135 905 2193 941 vel

1369 965 1449 999 vice
1479 964 1633 1009 fungens
1658 963 1823 1007 magistri
1849 962 1924 1004 IV;
1951 982 1994 989 —
2020 963 2057 998 in
2085 963 2193 1000 domo

1375 1022 1538 1067 magistri
1573 1021 1798 1056 conveniunt
1822 1021 1978 1058 Arvales
2006 1022 2060 1065 V;
2086 1043 2131 1050 -—
2157 1023 2193 1058 in

1370 1081 1469 1116 circo
1497 1080 1639 1124 signum
1666 1080 1779 1114 mittit
1800 1080 1845 1114 36
1863 1080 1925 1122 373
1954 1101 1993 1106 —
2022 1083 2118 1125 apud
2135 1081 2194 1117 vel

1370 1140 1418 1173 ad
1451 1149 1530 1173 eum
1567 1138 1722 1184 epulari,
1756 1148 1888 1173 cenare
1923 1139 2108 1184 quomodo
2139 1140 2192 1175 in·

1368 1195 1616 1241 tellegendum
1644 1197 1694 1231 sit
1713 1197 1765 1239 V;
1793 1217 1832 1221 -
1853 1196 2018 1233 immolat
2041 1197 2090 1233 ob
2114 1198 2192 1245 pia-

1369 1256 1488 1291 culum
1506 1255 1592 1291 ferri
1611 1254 1792 1290 inferendi
1812 1257 1850 1290 et
1866 1254 2043 1291 efferendi
2058 1256 2095 1292 in
2109 1256 2193 1293 luco

1370 1315 1448 1352 133.
1476 1334 1518 1340 -

1322 1393 1363 1399 -
1392 1373 1700 1418 collegiorum
1727 1373 1800 1416 IV;
1832 1374 1868 1409 in
1896 1374 2040 1420 magnis
2066 1385 2190 1412 sacer·

1369 1431 1493 1467 dotum
1521 1431 1692 1477 collegiis
1717 1433 1788 1466 ibd.
1814 1440 1881 1467 not.
1910 1433 1942 1469 1.

1319 1490 1475 1525 Mania
1500 1493 1618 1525 mater
1641 1490 1777 1525 Larum
1805 1491 1884 1526 145.

1319 1549 1541 1584 Mantelia
1567 1550 1611 1583 13
1637 1550 1691 1583 16.
1742 1553 1744 1555 ’

1318 1607 1539 1643 Marcelli
1566 1607 1790 1642 theatrum
1817 1609 1872 1643 75.

1318 1666 1457 1701 Mars:
1485 1666 1519 1700 ei
1546 1669 1670 1701 aetate
1691 1667 1896 1712 antiquiore
1923 1667 1959 1701 in
1986 1667 2188 1704 lustrandis

1365 1725 1463 1769 agris
1485 1723 1743 1759 immolabatur
1766 1724 1830 1766 487.
1861 1743 1903 1749 --
1930 1724 1969 1764 in¹
1990 1725 2082 1761 aede
2109 1727 2188 1763 eius

1364 1783 1448 1818 divo
1470 1784 1642 1827 Augusto
1663 1786 1746 1817 ante
1763 1782 1995 1819 aedificatum
2014 1786 2188 1832 templum

1362 1853 1494 1877 novum
1521 1852 1628 1876 sacra
1653 1840 1792 1875 fiebant
1816 1842 1879 1883 553
1904 1861 1950 1866 —
1982 1843 2188 1881 immolatur

1362 1902 1394 1936 ei
1422 1901 1468 1936 ob
1496 1900 1646 1935 detecta
1678 1899 1898 1935 nefariorum
1925 1901 2081 1938 consilia
2105 1904 2184 1950 121,

1365 1979 1401 1984 —
1432 1959 1479 1994 ob
1498 1959 1636 1993 laurum
1656 1957 1701 1992 ab
1722 1957 1868 1993 Othone
1887 1959 2047 2005 positam
2063 1961 2120 2005 86,
2141 1982 2181 1988 -

1363 2017 1410 2052 ob
1424 2017 1572 2063 piacula
1586 2016 1725 2051 maiora
1739 2015 1816 2051 144.
1850 2038 1869 2041 --
1894 2017 2014 2054 Mars
2030 2024 2181 2066 pater:

1363 2078 1482 2110 votum
1517 2086 1582 2121 pro
1614 2074 1734 2110 reditu
1761 2074 1912 2110 Traiani
1949 2076 1996 2112 ab
2030 2078 2182 2125 expedi-

1362 2134 1463 2168 tione
1507 2133 1649 2169 Dacica
1699 2133 1822 2180 priore
1864 2135 1942 2170 124.
1985 2156 2026 2161 —
2069 2136 2182 2174 Mars

1360 2195 1496 2238 pater
1522 2192 1656 2235 ultor,
1682 2191 1889 2227 immolatur
1914 2193 1949 2228 ei
1970 2191 2017 2229 ob
2035 2196 2184 2243 piacula

1361 2251 1499 2286 maiora
1525 2251 1602 2286 144.
1630 2270 1673 2276 -—
1709 2250 1825 2285 Mars
1859 2250 2029 2287 victor:
2058 2246 2181 2279 votum
2211 2250 2220 2305 '-

1359 2320 1425 2355 pro
1460 2309 1580 2344 reditu
1614 2308 1780 2351 Traiani,
1825 2316 1863 2343 at
1894 2322 2000 2353 supra
2031 2308 2110 2344 124.
2139 2327 2180 2333 -

1356 2368 1480 2403 Mars
1516 2368 1655 2412 ultor:
1687 2366 1894 2402 immolatur
1924 2368 1960 2403 ei
1990 2367 2038 2403 ob
2063 2367 2180 2414 impe-

1356 2427 1446 2462 rium
1469 2428 1524 2470 72,
1543 2448 1587 2453 -—
1611 2425 1825 2473 pro'salute
1853 2429 1890 2470 et
1914 2425 2035 2461 reditu
2060 2425 2196 2466 Netos

1357 2487 1412 2521 nis
1431 2487 1487 2528 64,
1510 2505 1549 2511 ——
1570 2496 1634 2531 pro
1661 2484 1780 2520 salute
1800 2487 1838 2518 et
1856 2483 2014 2519 adventu
2033 2483 2179 2519 Vitellii

1355 2545 1434 2587 121,
1461 2564 1504 2570 —-
1537 2543 1584 2579 ob
1620 2543 1816 2578 adventum
1842 2542 2024 2578 Hadriani
2049 2542 2106 2584 86,
2133 2563 2178 2568 —

1347 2603 1409 2637 ,οὺ
1441 2602 1596 2638 salutem
1629 2601 1894 2647 victoriamque
1920 2601 2176 2637 Germanicam

1359 2661 1540 2696 Antonini
1575 2661 1703 2696 Severi
1730 2659 1753 2694 f.
1781 2662 1818 2694 et
1841 2659 1959 2694 Iuliae
1991 2661 2081 2705 Aug.
2107 2661 2178 2696 ibd.

1357 2720 1403 2755 cf.
1429 2721 1485 2755 87.
1513 2739 1554 2745 -
1584 2719 1777 2765 Templum
1802 2718 1881 2754 eius
1908 2719 1964 2755 72.

1306 2777 1514 2823 Marsyas
1548 2782 1585 2813 et
1619 2777 1796 2824 Olympus
1822 2775 1970 2822 syr-inge
1997 2780 2174 2812 canentes

1297 2854 1299 2856 ·
1348 2837 1384 2871 in
1435 2837 1544 2872 anulo
1589 2836 1738 2871 Traiani
1788 2835 2059 2882 repraesentati

2107 2835 2176 2871 153

1348 2897 1427 2931 156.

1301 2954 1454 2990 Mater
1477 2955 1645 2989 Larum
1672 2953 1752 2989 145.

1300 3013 1479 3049 Mensa:
1520 3012 1557 3048 in
1589 3011 1681 3047 aede
1717 3012 1753 3047 in
1781 3031 1822 3036 —
1850 3021 1995 3047 sacrum
2032 3009 2172 3047 faciunt

1305 3111 1308 3116 ‚
1348 3074 1412 3115 263
1430 3075 1470 3097 '--
1495 3080 1645 3106 mensae
1664 3081 1793 3106 sacrae
1811 3071 1856 3105 29
1873 3071 1930 3105 30.
1949 3088 1992 3095 -
2019 3069 2171 3105 Mensae

1348 3132 1464 3178 prima
1513 3134 1552 3166 et
1588 3129 1752 3164 secunda
1797 3129 1833 3164 in
1872 3128 1992 3175 epulis
2019 3127 2086 3170 15;
2126 3147 2169 3154 —

1347 3200 1475 3226 mensa
1512 3188 1677 3224 secunda
1721 3188 1955 3223 bellariorum
1994 3185 2170 3222 dividitur

1347 3248 1407 3283 die
1439 3248 1557 3295 primo
1591 3248 1685 3282 sacri
1721 3246 1830 3283 annui
1857 3246 1918 3286 13,
1946 3265 1988 3271 —
2017 3245 2077 3280 die
2107 3255 2167 3281 se-

1346 3306 1463 3345 eundo
1490 3308 1551 3350 39,
1580 3325 1622 3332 —
1650 3305 1709 3342 die
1736 3304 1847 3341 tertio
1877 3304 1935 3341 43.
