2340 3658
349 211 429 255 104
1126 210 1230 246 Vota
1256 221 1388 246 annua.

344 327 472 375 nibus,
515 326 682 377 denique
725 325 865 373 Saluti,
908 335 1007 375 quae
1048 325 1188 363 eadem
1232 325 1459 376 appellatur
1487 325 1606 365 Salus
1649 323 1823 376 publica,
1851 323 1967 365 Salus
1997 324 2159 376 publiea

345 389 482 439 populi
509 389 680 428 Romani
709 387 927 437 Quiritium,
969 387 1086 427 Salus
1116 388 1304 437 Augusta
1344 388 1509 438 publiea
1554 387 1690 438 populi
1730 385 1900 426 Romani
1941 387 2161 436 Quiritium.

346 451 558 491 Accedunt
584 452 623 489 in
651 452 751 491 actis
782 449 1062 500 antiquissimis
1092 449 1168 488 dea
1196 450 1273 488 Dia.
1301 454 1341 489 et
1369 450 1482 489 divus
1513 450 1731 500 Augustus,
1761 453 1803 489 ut
1831 449 2047 489 ostendunt
2072 453 2163 488 acta

345 526 378 551 a.
408 515 478 562 383
507 515 546 552 in
574 515 674 553 actis
703 514 837 563 paullo
866 511 1153 551 recentioribus
1183 512 1331 562 omissa
1351 512 1425 551 dea
1442 513 1522 552 Dia
1539 513 1791 552 nominantur
1812 512 1925 551 divus
1940 513 2161 562 Augustus,

346 575 438 614 diva
465 579 663 626 Augusta,
693 576 806 614 divus
839 574 1047 623 Claudius,
1078 575 1223 625 quibus
1254 575 1443 613 immolari
1483 576 1638 614 solebat
1677 575 1718 614 in
1746 575 1894 626 templo
1935 586 2039 614 novo
2082 573 2163 612 divi

345 639 529 688 Augusti,
560 651 636 689 quo
667 638 714 676 de
744 639 791 676 ef.
820 650 858 688 p.
887 639 947 676 55.
1004 639 1058 676 Et
1093 637 1153 675 his
1182 636 1339 687 quidem
1369 636 1468 676 divis
1498 637 1738 677 immolatum
1764 643 1823 677 est
1855 638 1972 677 etiam
1998 649 2072 688 pro
2101 649 2162 676 sa·

345 702 424 739 Inte
443 700 597 740 Galbae
626 705 665 739 et
694 700 882 740 Othonis:
913 700 1088 738 cessavit
1115 703 1244 739 autem
1273 699 1401 738 cultus
1421 711 1554 738 eorum
1584 701 1656 739 sub
1676 700 1827 740 Flaviis
1846 699 2164 751 imperatoribus,

348 775 418 802 nee
447 764 484 801 in
515 764 613 802 actis
640 763 846 813 Arvalium
889 775 1062 813 unquam
1089 762 1193 800 redit
1219 773 1350 800 eorum
1378 763 1524 801 mentio
1565 763 1640 801 nisi
1680 763 1747 802 ubi
1787 775 1875 802 cum
1916 763 2056 803 ceteris
2092 763 2161 801 im-

344 827 595 876 peratoribus
623 826 864 865 consecratis
896 826 1064 876 simplici
1097 825 1275 864 divorum
1305 825 1459 864 nomine
1501 825 1884 876 comprehenduntur
1927 827 1992 876 (ef.
2023 838 2056 865 a.
2088 826 2160 865 183

347 890 422 927 218
451 889 554 938 224).

448 963 647 1002 Victimae
679 963 845 1013 singulis
876 962 1098 1001 numinibus
1127 963 1379 1002 immolantur
1407 963 1597 1012 singulae,
1627 964 1693 1004 ubi
1721 974 1794 1014 pro
1836 962 2001 1012 singulis
2038 962 2163 1013 impe-

346 1026 541 1064 ratoribus
571 1030 662 1064 vota
690 1026 796 1064 fiunt.
854 1026 980 1064 Binae
1010 1029 1140 1064 autem
1183 1024 1465 1075 sacrificantur,
1514 1037 1600 1065 eum
1641 1029 1736 1064 vota
1777 1028 2052 1075 nuncupantur
2090 1036 2163 1075 pro

348 1089 448 1128 binis
477 1089 781 1139 imperatoribus
812 1090 873 1126 vel
900 1100 971 1138 pro
999 1088 1240 1138 imperatore
1281 1093 1320 1127 et
1348 1089 1520 1129 Caesare
1564 1088 1629 1139 (ef.
1661 1101 1694 1127 a.
1725 1087 1772 1126 78
1808 1099 1881 1138 pro
1910 1087 2164 1139 Vespasiano

346 1153 534 1201 Augusto
574 1156 613 1191 et
654 1151 747 1190 Tito
789 1151 982 1199 Caesare3
1025 1153 1070 1189 81
1115 1163 1186 1200 pro
1218 1150 1310 1190 Tito
1343 1152 1520 1192 Caesare
1549 1153 1735 1202 Augusto
1764 1153 1803 1188 et
1830 1149 2003 1190 Caesare
2030 1149 2163 1189 Domi·

345 1215 490 1264 tiano),
521 1217 612 1254 item
641 1227 712 1265 pro
742 1215 900 1253 Nerone
930 1218 969 1252 et
997 1213 1168 1252 Octavia
1195 1214 1364 1264 coniuge
1394 1214 1460 1264 (cf.
1490 1218 1538 1255 59
1568 1214 1633 1266 60)
1662 1217 1905 1264 posteraque
1933 1217 2065 1252 aetate
2093 1224 2165 1264 pro

347 1278 404 1316 M.
434 1278 597 1316 Aurelio
627 1278 789 1327 eiusque
818 1289 941 1315 uxore
972 1281 1011 1315 et
1038 1277 1173 1315 liberis
1203 1277 1401 1327 (MARC.
1433 1278 1463 1318 C
1487 1278 1554 1327 D).
1591 1277 1651 1315 At
1670 1277 1743 1315 sub
1762 1275 2002 1325 Domitiano,
2030 1286 2164 1327 quam-

347 1353 463 1391 quam
490 1341 527 1379 in
558 1342 659 1379 votis
701 1344 1057 1379 commemorantur
1094 1340 1270 1378 Domitia
1310 1345 1350 1379 et
1390 1340 1588 1391 prioribus
1630 1344 1735 1379 certe
1776 1339 2020 1390 temporibus
2062 1327 2166 1378 I'ulia

347 1406 535 1453 Augusta
563 1403 644 1442 Titi
673 1403 858 1442 Caesaris
886 1403 978 1451 filia,
1007 1406 1138 1441 tamen
1168 1403 1348 1453 singulae
1369 1404 1550 1443 victimae
1569 1403 1832 1442 immolantur.
1872 1401 1956 1442 Sub
1974 1401 2164 1450 Traiano,

347 1466 564 1515 Hadriano,
606 1466 808 1504 Antonino
854 1466 940 1514 Pio,
983 1477 1070 1503 cum
1112 1477 1255 1504 uxores
1299 1478 1430 1505 eorum
1472 1466 1511 1504 in
1554 1466 1653 1506 actis
1700 1477 1778 1503 non
1822 1465 2081 1514 nominentur,
2126 1463 2166 1502 in

347 1530 450 1567 votis
490 1529 656 1578 singulis
707 1528 870 1567 victimis
913 1528 1153 1567 immolatum
1199 1540 1287 1568 esse
1337 1528 1577 1568 eredendum
1624 1533 1697 1568 est.
1751 1529 1853 1567 Item
1897 1528 1971 1566 sub
2016 1526 2166 1567 Severo

352 1591 592 1640 Alexandro,
621 1603 856 1642 quamquam
884 1603 963 1629 una
989 1603 1077 1630 cum
1106 1603 1152 1629 eo
1180 1592 1400 1631 Mammaea
1431 1592 1471 1630 in
1499 1592 1600 1632 votis
1630 1591 1864 1640 nominatur,
1892 1589 2058 1640 singulis
2086 1589 2164 1629 vie-

347 1655 452 1694 timis
483 1654 793 1695 sacrificabatur.

1860 1714 1901 1752 ‘i

1042 1935 1081 1978 5.
1142 1935 1470 1980 Praesentes.

454 2041 531 2091 Qui
559 2042 780 2091 adfuerant,
810 2040 900 2079 dum
930 2044 1022 2079 vota
1049 2045 1337 2091 nuncupantur,
1366 2041 1405 2079 in
1434 2040 1535 2080 actis
1564 2039 1615 2079 ad
1643 2040 1756 2080 finem
1785 2038 2025 2079 adnotantur
2051 2049 2163 2090 prae-

353 2106 510 2157 scriptis
540 2105 669 2145 verbis
698 2105 778 2144 his:

348 2180 402 2222 38
821 2178 1048 2221 adfuerunt
1079 2179 1154 2219 illi.

348 2261 403 2304 58
423 2260 478 2304 59
501 2260 557 2304 60
578 2261 631 2303 69
655 2260 707 2303 78
739 2260 791 2303 81

351 2317 412 2373 (k.
433 2318 532 2368 oet.)
555 2318 608 2360 86
627 2318 679 2360 87
705 2316 790 2374 [90]
818 2282 832 2414 ξ
866 2316 910 2358 in
941 2314 1123 2369 collegio
1155 2315 1386 2359 adfuerunt
1415 2317 1491 2357 illi.

420 2375 472 2418 91
508 2374 658 2432 [DOM.
692 2373 742 2431 B]

395 2453 508 2512 [101]
547 2455 626 2498 105
661 2453 774 2511 [117]
853 2453 1082 2496 adfuerunt
1113 2455 1156 2496 in
1189 2454 1368 2508 collegio
1400 2456 1475 2495 illi.

351 2531 693 2648 [118]1·ἐὲ0[11ἓὲ]
718 2534 833 2642 155}
871 2563 1026 2606 fratres
1058 2563 1241 2606 Arvales
1274 2565 1562 2605 convenerunt
1591 2563 1667 2603 illi.

348 2669 415 2726 [27
426 2671 812 2716 361¹1B.ANER.C

347 2728 400 2770 75
426 2729 477 2770 77
511 2729 563 2771 81
598 2730 732 2773 DOM.
759 2731 796 2772 D

349 2784 606 2830 180MARC.
618 2787 649 2829 c
666 2788 702 2829 D
714 2788 795 2830 218

474 2843 554 2885 231
578 2843 677 2900 238]

448 2922 629 2971 Magistri
656 2924 717 2961 vel
747 2924 1013 2974 promagistri,
1043 2934 1279 2974 quamquam
1309 2926 1426 2961 antea
1454 2923 1746 2961 commemorati
1783 2924 1885 2969 sunt,
1921 2920 2024 2958 inter
2049 2929 2162 2969 prae-

347 2987 478 3022 sentes
508 2985 635 3024 denuo
665 2987 914 3025 nominantur
943 2987 1120 3037 exceptis
1151 2986 1252 3025 actis
1282 2998 1316 3025 a.
1347 2986 1396 3023 38
1425 2989 1465 3024 et
1492 2986 1551 3024 59.

868 2759 1062 2811 deficiunt
1076 2759 1226 2811 fractis
1259 2758 1467 2811 lapidibus
1488 2758 1656 2798 nomina
1676 2770 1816 2799 eorum
1833 2756 1902 2810 qui
1923 2750 2161 2807 adfuervlnt.
