2340 3658
362 185 431 212 LVI

1133 168 1189 204 Ti.
1217 167 1404 204 Claudius.

1077 766 1359 832 CLAUDII
1400 769 1455 830 P».

180 987 207 1005 a„
233 980 334 1005 43-43
361 982 1213 997 .....................
1240 954 1552 1006 (ρ1·ο]1ηα9ἱείει·
1574 953 1732 1005 colle9ii
1750 952 1930 1004 fratrum
1951 950 2166 993 Arvalium

414 1023 574 1063 nomine
604 1023 647 1062 in
679 1022 881 1074 Capitolio
911 1035 987 1074 pro
1017 1021 1150 1061 salute
1171 1022 1234 1069 (P)
1260 1021 1316 1061 Ti.
1341 1021 1489 1061 Claudi
1511 1022 1705 1062 Caesaris
1725 1022 1898 1074 Anyusti
1930 1020 2165 1062 Germanici

414 1093 505 1132 Iovi
526 1093 717 1144 osptimo)
741 1091 962 1139 maximo)
994 1090 1132 1130 bovem
1154 1103 1318 1143 marem,
1350 1091 1501 1130 Iunoni

411 1174 594 1209 vaccam,
627 1159 842 1201 Minervae
873 1171 1058 1213 vaeeain,
1092 1159 1226 1199 Saluti
1254 1159 1444 1211 publicae
1462 1160 1526 1208 (Ρ)

411 1242 593 1278 vaccam,
627 1228 726 1270 divo
758 1228 949 1282 Augusto
981 1227 1134 1270 bovem
1165 1240 1329 1275 marem,
1362 1228 1482 1268 divae
1512 1229 1723 1281 Auqustae

411 1311 592 1352 vaccam,
624 1298 668 1339 in
699 1297 856 1351 templo
889 1295 1155 1338 Concordiae
1184 1328 1660 1339 ............
1665 1330 1673 1351 ,

409 1369 502 1408 item
533 1369 575 1407 in
608 1366 774 1408 Palatio
806 1364 906 1406 divo
938 1365 1131 1418 Augusto
1163 1365 1301 1406 bovem
1332 1378 1496 1415 marem,
1529 1367 1649 1407 divae
1678 1353 1824 1419 Auff-

408 1442 498 1477 stae
527 1449 710 1486 vaccam,
742 1434 798 1476 ad
829 1447 947 1476 aram
978 1433 1278 1476 Providentiae
1307 1447 1488 1490 vaccam,
1522 1467 1745 1477 ......

411 1535 678 1547 .......
710 1515 881 1545 vaccam
911 1502 1156 1569 immolavit.

353 1574 579 1627 adfuerunt
600 1572 674 1615 Cn.
696 1572 904 1614 Domitius
920 1570 951 1625 ¹)

410 1674 761 1685 .........
797 1641 955 1681 Taurus
986 1639 1177 1682 Statilius
1210 1642 1423 1691 Corvinus,
1455 1674 1463 1683 .
1501 1675 1509 1684 .
1542 1675 1551 1684 .
1587 1675 1595 1685 .
1628 1675 1636 1684 .

410 1744 419 1754 .
452 1744 460 1753 .
493 1744 503 1753 .
537 1729 572 1754 .·
581 1743 804 1753 ......
836 1710 882 1750 L.
914 1709 1117 1751 Vitellius.

351 1849 611 1894 Fragmentum
637 1851 820 1894 repertum
847 1849 950 1882 extra
966 1849 1109 1892 portam
1128 1847 1371 1883 portuensem
1391 1849 1472 1884 loeo
1492 1860 1586 1883 nune
1606 1849 1706 1884 dicto
1726 1852 1841 1895 affoya
1860 1851 1987 1884 l'asino
2006 1846 2158 1884 GRV'P.

353 1910 418 1944 117
445 1908 501 1944 ed.
528 1909 561 1950 2,
588 1907 722 1942 deinde
749 1905 845 1952 apud
872 1906 1040 1940 Fulvium
1067 1906 1238 1941 Ursinum
1270 1907 1392 1951 VRS„
1419 1910 1554 1953 postea
1579 1908 1675 1953 apud
1702 1908 1902 1943 Farnesios
1927 1917 2008 1942 cum
2034 1916 2158 1947 monu7

420 1967 626 2012 mentisque
652 1966 890 2001 Farnesianis
918 1964 1078 1999 delatum
1105 1965 1140 1999 in
1169 1975 1328 2000 museum
1355 1965 1653 2012 Neapolitanum,
1679 1966 1738 2000 ubi
1768 1965 1886 2000 adhuc
1913 1967 2090 2001 servatur.

443 2041 636 2088 Descripsi
664 2052 710 2075 ex
736 2043 869 2087 ectypo
889 2041 1097 2076 chartaceo.
1124 2040 1220 2077 Edd.

348 2101 505 2137 Ursinus
543 2101 589 2148 ad
627 2100 758 2144 Caton.
792 2105 863 2136 cet.
895 2112 928 2146 p.
953 2099 1032 2143 214,
1059 2101 1081 2135 2
1118 2099 1219 2143 (inde

350 2161 449 2195 Grut.
484 2160 561 2202 117,
595 2160 648 2202 2);
694 2159 828 2193 Marini
859 2159 935 2194 tab.
969 2159 1020 2200 X3
1063 2158 1217 2204 inserip-

348 2219 470 2253 tiones
501 2222 647 2253 veteres
682 2229 775 2263 quae
815 2219 851 2252 in
887 2218 930 2253 R.
964 2217 1094 2252 Museo
1127 2218 1217 2251 Bor-

347 2277 482 2312 bonico
527 2276 767 2312 adservantur
807 2278 826 2311 1
870 2287 901 2312 n.
934 2277 1020 2318 1113
1066 2275 1219 2310 Fiorelli

349 2336 456 2370 catal.
481 2336 546 2378 58;
574 2335 619 2370 ef.
646 2336 850 2371 Mommsen
877 2336 906 2370 Ι.
934 2334 979 2369 Ν.
1007 2346 1042 2382 p.
1061 2335 1181 2369 XXII.

430 2394 605 2429 Marinius
620 2395 734 2429 aetati
750 2394 892 2430 Claudii
906 2392 1066 2440 Augusti
1081 2393 1217 2436 tribuit,

348 2453 501 2498 eiusque
528 2454 748 2488 sententiam
776 2452 990 2488 confirmant
1015 2457 1053 2487 et
1078 2452 1216 2487 littera-

348 2523 423 2546 rum
450 2512 582 2554 forma,
618 2515 656 2546 et
679 2513 762 2558 ipsa
787 2511 978 2546 verborum
1006 2510 1215 2556 dispositio,

350 2581 429 2605 cum
461 2571 498 2605 in
531 2570 601 2605 fine
628 2582 682 2606 vv.
700 2572 722 2606 2
742 2571 818 2606 et4
849 2581 979 2605 nomen
1006 2569 1112 2604 divae
1138 2570 1215 2604 Au-

349 2633 480 2674 gustae
511 2629 692 2664 interierit
722 2640 744 2663 a
768 2628 922 2664 Claudio
955 2627 1098 2662 demum
1122 2628 1219 2663 inter

350 2687 453 2723 divos
486 2690 672 2734 receptae.
739 2688 836 2722 Post
872 2689 1030 2722 aetatem
1071 2686 1215 2721 Claudii

348 2746 502 2781 incisum
517 2757 602 2781 esse
620 2757 690 2781 non
706 2747 842 2793 potest,
862 2756 942 2780 cum
961 2756 1034 2780 non
1051 2745 1214 2780 immole-

348 2808 408 2839 tur
426 2804 509 2840 divo
529 2804 695 2840 Claudio.
712 2824 752 2831 —
770 2805 936 2849 Superne
955 2815 1080 2850 margo
1100 2807 1212 2847 extat,

348 2866 388 2897 ut
413 2867 573 2899 actorum
597 2866 736 2910 partem
763 2863 922 2908 priorem
947 2864 983 2897 in
1007 2863 1137 2898 tabula
1161 2863 1213 2898 al-

348 2925 427 2956 tera
461 2925 647 2957 exaratam
674 2921 789 2956 fuisse
816 2921 1049 2956 manifestum
1082 2922 1141 2956 sit.
1170 2940 1210 2947 —

1289 2041 1331 2075 In
1352 2041 1615 2087 supplementis
1631 2052 1710 2076 cum
1726 2042 1798 2076 alia
1811 2042 1954 2076 ineerta
1971 2043 2066 2084 sunt,
2083 2041 2158 2075 tum

1291 2100 1472 2135 sacrificia
1489 2111 1554 2145 pro
1575 2100 1691 2134 salute
1709 2101 1940 2146 imperatoris
1958 2101 2058 2134 facta
2073 2109 2159 2134 esse

1289 2158 1481 2204 probabile
1509 2169 1597 2193 sane
1625 2162 1694 2202 est,
1734 2157 1835 2204 quod
1870 2159 1954 2193 divo
1985 2159 2158 2203 Augusto

1289 2221 1328 2252 et
1353 2217 1459 2252 divae
1478 2219 1672 2262 Augustae
1698 2217 1903 2252 immolatur
1926 2216 1996 2259 bis,
2022 2216 2059 2250 in
2087 2215 2157 2251 Ca-

1288 2276 1419 2321 pitolio
1439 2277 1528 2310 etin
1547 2276 1695 2312 Palatio
1722 2278 1799 2312 sive
1825 2277 1862 2311 in
1886 2275 2025 2322 templo
2050 2285 2158 2317 novo,

1288 2344 1357 2368 nee
1379 2337 1500 2368 tamen
1525 2339 1675 2369 certum.
1711 2336 1748 2370 A
1771 2335 1954 2382 prioribus
1981 2333 2156 2369 exhiben-

1287 2395 1353 2435 tur,
1381 2392 1446 2427 sed
1472 2393 1543 2427 iam
1569 2395 1757 2440 perierunt
1781 2394 1926 2429 litterae
1950 2393 1970 2426 1
1997 2393 2085 2426 extr.
2110 2402 2155 2432 m,

1287 2452 1309 2486 2
1335 2455 1425 2488 extr.
1452 2463 1514 2495 em,
1540 2453 1562 2488 3
1588 2453 1637 2487 in.
1663 2455 1687 2496 i,
1718 2454 1740 2489 3
1766 2455 1856 2487 extr.
1883 2463 1935 2495 ae,
1967 2451 1991 2486 4
2013 2450 2063 2487 in.
2087 2450 2155 2492 Pa,

1285 2510 1309 2545 4
1334 2512 1426 2546 extr.
1451 2523 1487 2553 o,
1513 2512 1535 2547 5
1561 2512 1607 2549 in.
1636 2525 1676 2551 a,
1710 2512 1733 2547 5
1757 2514 1848 2547 extr.
1875 2523 1928 2553 en,
1961 2511 1983 2546 6
2006 2511 2098 2544 extr.
2123 2520 2155 2551 v,
2214 2534 2218 2541 ,

1287 2569 1308 2604 7
1333 2574 1423 2604 extr.
1450 2583 1511 2606 om.
2133 2573 2144 2599 0

1383 2628 1407 2672 ¹)
1434 2639 1505 2663 non
1532 2631 1588 2663 est
1600 2627 1664 2664 Cn.
1684 2627 1867 2663 Domitius
1883 2625 2154 2662 Ahenobarbus

1285 2685 1446 2721 Neronis
1472 2690 1578 2733 pater
1610 2687 1670 2732 qui
1696 2687 1898 2732 imperante
1925 2685 1965 2721 G.
1992 2684 2154 2721 Caesare

1285 2745 1360 2779 vita
1386 2745 1529 2780 functus
1556 2748 1615 2780 est
1640 2745 1756 2789 (Suet.
1783 2746 1877 2779 Nero
1895 2743 1942 2790 9),
1968 2743 2034 2779 sed
2060 2742 2155 2778 alter

1285 2814 1330 2838 ex
1356 2804 1570 2839 consulibus
1598 2804 1763 2839 suffectis
1784 2815 1814 2839 a.
1832 2805 1877 2840 39
1896 2803 1973 2838 sive
1991 2801 2152 2837 Oorbulo

1285 2863 1361 2897 sive
1388 2862 1491 2898 Afer.
