2340 3658
319 175 342 203 c
1104 159 1370 210 Vespasianus.

179 840 206 858 a·
233 834 264 859 7⁷
314 826 601 878 impseralore)
632 826 886 879 Vespasiano
910 826 1092 877 Auqusro
1123 824 1232 873 VIII,
1266 824 1352 866 Tito
1376 825 1555 866 Caesare
1583 826 1870 878 impseratore)
1900 826 1955 867 VI
1981 829 2124 877 συξη)-

1915 893 2122 963 'ssulibu-s)

512 964 582 1003 III
610 966 781 1012 ηοηζαε)
813 964 1081 1012 Ianuarsias)

309 1032 547 1083 mayisterio
579 1063 1141 1073 ..............
1177 1032 1497 1085 promaysistro)
1534 1033 1576 1072 P.
1614 1032 1816 1074 Sallustio
1855 1029 2010 1075 Bla'eso
2032 1032 2122 1074 'eol-

159 984 219 1009 Ian‚
240 987 254 1009 3

1830 1099 1924 1170 (legi
1947 1101 2121 1143 fratrum

366 1170 580 1210 Arvalium
611 1171 773 1210 nomine
803 1176 899 1210 vota
929 1176 1269 1222 nuncupaverunt
1287 1183 1364 1222 pro
1387 1170 1519 1210 salute
1540 1170 1843 1227 imp(eratoris)
1864 1170 2120 1226 Vespasiani

635 1236 655 1261 0

1668 1258 1672 1262 ·
1703 1238 1912 1307 (Caesaris
1945 1241 2118 1292 Auyusti

362 1307 624 1356 tribacnicia)
655 1312 896 1360 pot(estate)
919 1309 1180 1358 cosmssulis)
1210 1307 1321 1357 VIII,
1352 1314 1388 1348 ee
1412 1308 1528 1358 Tan)
1553 1308 1746 1350 Caesaris
1766 1311 1979 1362 Anysusti)
2009 1309 2116 1362 fsili)

1023 1375 1281 1444 *Vespasiani
1312 1375 1574 1432 eo(n)s(ulis)
1594 1376 1666 1431 Vl,
1699 1376 1880 1419 victimis
1909 1377 2118 1417 inmolalis

361 1446 402 1484 in
435 1445 659 1500 Capitolio,
695 1460 799 1500 quae
829 1447 1059 1499 superioris
1090 1447 1188 1486 anni
1219 1447 1414 1498 msa-(lister
1442 1453 1631 1496 voverat,
1660 1445 1870 1500 persolvit,
1904 1444 1997 1487 Iovi
2028 1444 2118 1501 0(p-

1249 1513 1382 1582 μήπω)
1411 1513 1637 1570 m(axim0)
1668 1514 1801 1556 boves
1832 1527 1968 1555 mares
2000 1515 2116 1563 duos,

360 1583 510 1624 Iunoni
540 1587 709 1638 reyinae
739 1598 890 1626 vaccas
923 1585 1041 1634 duas,
1075 1585 1283 1626 Minervae
1303 1598 1455 1626 vaccas
1477 1586 1596 1638 duas,
1629 1582 1764 1624 Saluti
1796 1580 1993 1636 publicae
2014 1595 2116 1624 vac-

1813 1650 1895 1719 [cas
1927 1652 2047 1701 duas,
2079 1658 2116 1708 et

359 1722 401 1760 in
430 1723 663 1774 proximum
695 1737 846 1764 annum
878 1712 1150 1776 nuncupavitss
1189 1727 1413 1776 praeeunte
1444 1721 1486 1761 P.
1521 1719 1723 1762 Sallustio
1749 1720 1778 1775 ¹)
1818 1711 1973 1763 Blaeso
2009 1735 2115 1774 pro-

1858 1787 1862 1857 l
1875 1792 2113 1854 maysiserffl

357 1861 400 1899 in
431 1873 481 1900 ea
510 1861 638 1901 verba
670 1874 774 1914 quae
804 1862 919 1914 infra
949 1863 1108 1914 scripta
1138 1867 1232 1901 sunt
1262 1866 1334 1901 cet.

558 1998 599 2033 In
626 1998 830 2043 fragmento
857 1999 1006 2033 tabulae
1034 2008 1256 2033 marmoreae
1283 1996 1379 2042 apud
1407 1996 1591 2032 Gentilem
1618 1996 1863 2042 Delphinium.

391 2068 549 2112 Pighius
564 2067 686 2104 Berol.
705 2067 726 2103 f.
744 2069 804 2109 98,
834 2078 924 2102 mus.
943 2068 965 2102 f.
989 2069 1062 2110 1V;
1089 2069 1174 2103 inde

298 2125 503 2161 Mommsen
530 2127 844 2172 Sitzunysbericlzte
870 2127 934 2160 der
951 2126 1072 2162 Sachs.
1094 2129 1172 2162 Ges,

299 2184 363 2217 der
396 2185 598 2221 Wissensch.
627 2186 717 2222 1850
742 2197 775 2231 p.
794 2185 874 2220 221.

391 2243 432 2278 In
464 2243 596 2278 codice
631 2254 710 2278 cum
737 2244 995 2289 praemittatur
1022 2270 1170 2279 .....

298 2328 417 2338 .....
438 2301 733 2338 DOMITIANO
749 2303 829 2345 ·IV‚
854 2302 1000 2336 rettulit
1017 2302 1169 2337 Momm-

299 2370 410 2395 senus
435 2360 458 2394 1.
487 2371 515 2395 c.
545 2361 590 2395 ad
619 2373 749 2396 annum
778 2362 832 2404 75,
866 2372 937 2406 quo
966 2361 1089 2397 fasces
1116 2373 1171 2396 or-

299 2418 463 2454 dinarios
499 2423 743 2466 susceperunt
775 2420 1027 2466 Vespasianus
1056 2421 1110 2454 VI
1137 2423 1173 2454 et

297 2478 340 2512 Τ.
374 2478 514 2514 Caesar
547 2478 623 2519 IV,
661 2478 715 2513 illi
749 2483 871 2513 autem
905 2478 1081 2513 suffectus
1115 2482 1173 2512 est

295 2537 529 2572 Domitianus
566 2537 637 2572 IV.
706 2538 813 2572 Diem
857 2548 966 2583 porro
1012 2536 1171 2571 natalem

296 2596 456 2631 coniecit
504 2596 685 2631 celebrari
727 2596 953 2643 Vespasiani
998 2595 1170 2639 Augusti,

296 2655 357 2699 qui
384 2658 461 2690 erat
486 2666 517 2689 a.
546 2654 579 2689 d.
605 2654 700 2689 XVI
725 2654 904 2689 kalendas
932 2654 1170 2689 Decembres.

293 2711 426 2759 Neque
459 2717 581 2748 tamen
614 2711 730 2747 natali
765 2712 989 2748 celebrando
1015 2723 1168 2758 respon-

294 2771 382 2806 dent
414 2772 587 2807 victimae
620 2770 729 2806 binae
763 2771 920 2816 singulis
959 2771 1167 2806 numinibus

292 2829 514 2874 immolatae,
543 2839 611 2865 nec
637 2839 796 2875 unquam
823 2832 910 2874 post
929 2829 1119 2875 imperium
1146 2840 1167 2864 a

291 2887 432 2923 Fluviis
466 2892 678 2935 susceptum
710 2887 855 2922 natales
891 2887 1095 2933 principum
1128 2887 1165 2922 in

291 2946 387 2981 actis
406 2948 591 2982 Arvalium
617 2945 788 2992 inseripti
813 2947 908 2987 sunt,
936 2945 1019 2991 ipsa
1043 2948 1164 2980 autem

291 3004 404 3038 verba
430 3005 632 3040 ostendunt
657 3007 745 3040 vota
771 3015 855 3039 esse
875 3014 994 3038 annua
1012 3014 1078 3049 pro
1106 3015 1164 3038 sa-

290 3061 364 3097 lute
393 3051 622 3109 Vespasiani
655 3066 693 3097 et
725 3063 799 3097 'riti
826 3062 1000 3098 Caesaris
1028 3072 1163 3096 nuncu-

1235 2070 1333 2112 pata.
1383 2066 1485 2101 Aeta
1510 2077 1596 2102 vero
1623 2069 1790 2102 votorum
1808 2078 2008 2103 annuorum
2024 2067 2110 2103 anni

1235 2126 1279 2161 75
1305 2135 1385 2159 cum
1413 2128 1562 2160 servata
1594 2125 1669 2160 sint
1700 2125 1737 2160 in
1765 2125 1980 2170 fragmentis
2002 2126 2109 2161 huius

1233 2183 1318 2218 anni
1344 2183 1453 2218 modo
1480 2183 1695 2229 propositis,
1722 2194 1794 2218 non
1821 2187 1948 2229 potest
1971 2183 2019 2220 ad
2044 2196 2107 2220 an-

1232 2253 1313 2276 num
1341 2243 1384 2278 75
1418 2241 1546 2276 referri
1580 2242 1771 2276 frustulum
1807 2242 1851 2277 de
1877 2254 1948 2288 quo
1975 2244 2107 2288 agitur,

1231 2311 1297 2334 nee
1329 2301 1542 2335 Domitiano
1576 2300 1720 2335 consuli
1746 2301 1824 2336 1111
1855 2301 1891 2335 in
1924 2312 1968 2336 eo
2002 2301 2106 2337 loeus

1234 2363 1302 2394 est.
1353 2359 1485 2404 Itaque
1520 2362 1582 2392 aut
1620 2359 1766 2394 omnino
1800 2359 2005 2395 eiiciendus
2037 2362 2107 2396 erit

1232 2428 1362 2452 versus
1389 2420 1426 2459 1,
1459 2421 1522 2451 aut
1548 2416 1784 2462 cogitandum
1819 2418 1864 2453 de
1891 2420 2104 2466 magisterio

1232 2480 1376 2522 quarm,
1413 2486 1630 2521 quamquam
1657 2487 1780 2522 parum
1809 2478 2003 2522 probabile
2028 2482 2103 2514 tum

1231 2536 1301 2569 iam
1334 2535 1448 2569 toties
1482 2535 1694 2579 magisterio
1729 2535 1888 2571 functum
1915 2547 2001 2572 esse
2028 2537 2102 2572 Do-

1230 2594 1432 2635 mitianum,
1458 2593 1676 2639 praesertim
1704 2604 1783 2628 cum
1811 2605 1906 2629 anno
1931 2596 1977 2631 86
2003 2595 2102 2631 nullo

1230 2652 1358 2687 addito
1394 2662 1542 2686 numero
1575 2650 1794 2697 simpliciter
1832 2653 2010 2698 magister
2046 2653 2100 2689 di-

1230 2714 1343 2746 catur.
1396 2711 1497 2755 Quae
1523 2711 1604 2744 utut
1629 2714 1725 2753 sunt,
1751 2715 1852 2747 recte
1869 2723 1901 2748 v.
1918 2711 1942 2747 4
1959 2710 2102 2748 videtur

1229 2769 1303 2814 legi
1322 2768 1427 2805 Cos.
1447 2768 1515 2811 VI,
1542 2767 1640 2813 quod
1664 2779 1744 2803 eum
1763 2773 1915 2815 propter
1931 2769 2099 2805 victimas

1228 2827 1395 2874 duplices
1423 2837 1494 2861 non
1521 2826 1642 2872 possit
1667 2827 1795 2862 referri
1820 2827 1891 2862 nisi
1910 2826 1957 2862 ad
1976 2827 2098 2863 Titum

1227 2885 1436 2927 Caesarem,
1462 2884 1509 2919 ad
1535 2895 1665 2920 annum
1694 2885 1795 2920 ducit
1820 2885 1874 2922 77.

1321 2945 1344 2988 ¹)
1373 2941 1726 2980 o-SALLVSTIO
1754 2943 1927 2978 traditur:
1956 2943 2098 2979 correxi

1225 3014 1270 3038 ex
1296 3002 1391 3037 actis
1418 3012 1590 3037 annorum
1618 3002 1860 3047 sequentium.

947 3254 963 3258 -
977 3253 1157 3259 ——-..-—.
1164 3252 1448 3261 -ῌ--α--ιρ
