2340 3658
299 187 327 213 x
965 159 967 161 ¹
1094 168 1305 205 Exordium.

290 289 448 330 factum
480 300 574 329 esse
606 286 707 328 inde
738 289 930 341 apparet,
964 285 1079 339 quod
1110 285 1154 326 in
1186 284 1294 326 actis
1326 297 1364 325 a.
1397 283 1451 326 (39
1483 283 1636 326 visitur
1665 283 1806 335 litura,
1838 282 1881 325 in
1913 295 1999 337 qua
2029 281 2110 324 fuit

291 370 448 398 nomen
469 355 644 409 Vitellii,
669 355 796 409 quod,
820 354 855 396 si
871 354 1034 407 aliquot
1050 353 1270 394 mensibus
1288 355 1385 407 post
1404 352 1699 406 magisterium
1720 352 1883 394 finitum
1905 355 2002 393 acta
2023 363 2110 392 ma—

293 425 457 479 gisterii
475 427 652 466 exarata
669 427 823 477 essent,
847 435 901 464 ne
919 421 1044 464 scribi
1063 420 1233 474 quidem
1251 420 1461 474 potuisset
1478 419 1518 475 ¹).
1564 420 1819 462 Interfectus
1836 423 1900 462 est
1914 417 2111 461 Vitellius

293 508 331 535 a.
371 494 410 535 d.
453 492 563 534 XIII
598 490 812 533 kalendas
854 490 1080 533 Ianuarias
1117 489 1187 530 vel
1226 488 1375 542 paucis
1424 487 1576 530 diebus
1614 487 1785 543 post²),
1824 487 1869 529 id
1909 490 1973 529 est
2015 489 2113 542 post

297 562 407 603 diem
430 560 612 614 tertium⁷
637 572 764 613 quam
786 558 1033 612 magisterio
1058 557 1182 611 abiit3
1215 570 1267 597 ea
1287 556 1418 609 igitur
1439 559 1579 598 aetate
1602 559 1711 611 acta,
1735 569 1846 609 quae
1869 557 1960 599 sine
1982 555 2113 598 dubio

295 629 437 671 statim
456 632 553 683 post
573 632 747 682 peracta
768 641 891 669 sacra
912 627 955 668 in
978 626 1167 667 codicem
1189 625 1495 679 referebantur,
1517 628 1616 679 post
1636 624 1799 666 finitum
1820 624 2113 678 magisterium

294 698 437 740 statim
468 697 513 738 in
543 709 753 738 marmore
786 699 965 738 exarata
995 698 1106 735 sunt.
1155 693 1248 744 Quo
1280 692 1421 734 minus
1453 693 1564 734 enim
1586 693 1779 748 protinus
1810 697 1907 748 post
1937 695 2112 748 peracta

296 765 508 808 sacrificia
546 764 813 817 singulorum
852 767 949 805 aeta
986 762 1122 803 incisa
1165 775 1260 803 esse
1292 761 1529 815 credamus,
1562 761 1741 816 impedit
1770 760 2007 802 litterarum
2036 772 2114 814 per

294 835 499 876 universa
538 833 629 873 cius
666 833 768 874 anni
806 836 903 873 acta
941 843 1106 872 summa
1146 829 1457 884 aequabilitas,
1496 829 1691 883 quamvis
1732 833 1939 883 extrema,
1972 831 2019 870 ut
2054 826 2112 883 fit,

296 902 442 958 paullo
474 900 773 953 neglegentius
806 903 985 941 exarata
1015 899 1110 940 sint.
1162 898 1346 940 Arvales
1377 902 1518 939 autem
1550 910 1644 938 cum
1676 897 1863 938 omnium
1895 909 2115 938 sacrorum

298 975 394 1012 acta
434 973 633 1011 accurate
672 969 715 1009 in
754 980 965 1009 marmore
1002 966 1235 1008 incidenda
1271 969 1488 1019 curarent,
1528 978 1607 1007 nec
1644 965 1793 1007 liceret
1830 965 1913 1022 nisi
1943 964 2113 1020 piaculo

296 1040 410 1081 facto
456 1037 614 1079 serrum
654 1036 697 1077 in
735 1035 876 1077 lucum
915 1034 1097 1088 inferre,
1136 1048 1223 1075 non
1253 1034 1386 1088 liquet
1425 1047 1508 1087 quo
1547 1033 1675 1075 modo
1707 1033 1866 1075 factum
1897 1033 1964 1088 sit,
1997 1036 2043 1074 ut
2071 1033 2115 1074 in

297 1108 403 1149 actis
435 1110 533 1147 ante
565 1118 602 1146 a.
635 1105 685 1146 81
721 1103 909 1145 exaratis
940 1103 1101 1157 piaculi
1122 1103 1239 1144 illius
1260 1101 1517 1144 mentionem
1538 1114 1623 1143 non
1645 1101 1836 1143 fecerint.
1868 1103 1979 1144 Nam
2000 1101 2116 1155 quod.

297 1174 536 1229 comparari
568 1176 707 1227 potest
737 1185 790 1213 110
821 1171 931 1213 sacri
963 1171 1137 1225 quidem
1170 1170 1278 1212 deae
1309 1170 1418 1211 Diae
1447 1174 1638 1224 tempore
1669 1169 1913 1223 antiquiore
1940 1170 2116 1212 mentio-

297 1258 394 1286 nem
427 1243 589 1297 fici-1³),
622 1245 773 1296 postea
804 1253 856 1281 ex
888 1239 1023 1281 tribus
1055 1239 1147 1281 eius
1179 1239 1289 1280 sacri
1324 1238 1476 1279 diebus
1503 1238 1685 1293 primum
1718 1252 1849 1280 unum
1869 1237 1920 1294 ⁴),
1962 1237 2117 1280 deinde

296 1313 403 1354 111103
425 1312 456 1366 ⁵)
495 1311 537 1351 in
575 1310 683 1351 actis
715 1308 1059 1362 connnemorari,
1104 1306 1149 1348 id
1181 1306 1389 1348 dissimile
1422 1310 1503 1361 est3
1537 1306 1823 1361 praecedebat
1860 1306 1970 1349 enim
2004 1306 2115 1349 sacri

297 1380 474 1422 indictio
515 1379 766 1430 dierumque
806 1376 1008 1418 definitio.
1077 1376 1228 1428 Neque
1271 1374 1475 1415 omissum
1525 1375 1568 1415 in
1608 1374 1714 1416 actis
1756 1375 1971 1430 piaculum
2008 1375 2118 1416 illud

295 1450 357 1490 ita
395 1447 602 1501 explicari
642 1449 802 1501 potest,
842 1448 887 1485 ut
923 1444 1094 1485 tabulas
1125 1445 1256 1484 'extra
1285 1442 1426 1484 lucum
1458 1442 1618 1484 incisas
1659 1443 1702 1484 in
1741 1456 1837 1484 eum
1876 1443 2115 1485 intulerint:

296 1531 393 1558 nam
434 1516 487 1557 ab
530 1528 581 1557 ca
619 1514 863 1556 coniectura
901 1512 1103 1553 abhorret
1140 1511 1361 1566 universa⁷
1402 1510 1454 1552 de
1493 1523 1579 1564 qua
1618 1523 1731 1552 nune
1770 1511 1986 1565 agendum
2025 1511 2115 1566 erit,

296 1585 404 1626 ratio
437 1588 627 1625 actorum
658 1583 702 1623 in
732 1581 892 1623 tabulis
922 1579 1336 1635 perscribemlorum.

411 1653 519 1694 Aeta
549 1651 771 1693 Arvalium
804 1662 883 1691 nec
914 1652 1091 1690 exarata
1120 1661 1199 1689 1100
1230 1652 1436 1702 concepta
1466 1660 1634 1702 semper
1664 1649 1815 1691 eodem
1846 1648 1973 1690 modo
2005 1651 2115 1690 sunt.

297 1722 346 1763 In
385 1720 616 1762 exarandis
657 1720 762 1761 actis
800 1717 1015 1773 prioribus
1052 1717 1314 1772 temporibus
1353 1716 1619 1770 singulorum
1658 1729 1866 1759 annorum
1905 1720 2001 1759 aeta
2030 1729 2116 1758 non

295 1789 478 1842 singulis
514 1789 671 1830 tabulis
709 1786 913 1829 mandata
950 1789 1067 1839 sunt,
1115 1785 1193 1827 3011
1233 1785 1376 1826 omnia
1414 1785 1475 1826 ita
1514 1784 1781 1840 continuata,
1821 1790 1867 1827 ut
1906 1785 2118 1828 interdum

296 1858 397 1899 anni
428 1871 567 1910 neque
597 1856 804 1911 incipiant
834 1868 861 1896 a
891 1854 1114 1909 principiis
1144 1853 1388 1894 tabularum
1419 1867 1498 1895 nec
1529 1853 1571 1894 in
1599 1852 1683 1895 fine
1712 1867 1859 1895 earum
1899 1857 2054 1896 exeant
2071 1853 2116 1907 ⁶).

296 1927 450 1968 Aetate
473 1929 620 1967 eontra
641 1912 878 1978 posteriore
900 1923 1096 1975 integrae
1128 1921 1311 1974 singulis
1333 1921 1458 1962 annis
1479 1920 1653 1963 tabulae
1676 1921 1883 1964 destinari
1906 1922 2115 1976 solebant,

296 1995 471 2048 eiusque
502 1993 683 2035 rationis
715 1991 956 2046 exemplum
988 1989 1336 2043 antiquissimum
1368 1993 1594 2032 servarunt
1624 1993 1721 2031 acta
1759 2003 1797 2032 a.
1835 1991 1902 2033 87.
1963 1991 2119 2042 Quam-

295 2076 423 2116 quam
460 2076 546 2104 non
587 2074 756 2115 semper
793 2060 992 2113 singulae
1029 2058 1206 2100 tabulae
1244 2057 1513 2110 singulorum
1543 2071 1753 2100 annorum
1785 2063 1882 2101 acta
1915 2059 2120 2102 universa

300 2132 656 2185 complectuntur3
689 2133 734 2170 ut
756 2133 852 2170 aeta
874 2141 912 2169 a.
939 2129 993 2169 90
1015 2140 1093 2182 per
1125 2127 1234 2168 duas
1264 2126 1435 2168 tabulas
1466 2126 1569 2167 olim
1599 2127 1849 2168 coniunctas
1880 2126 2121 2182 perscripta

298 2199 487 2254 fuerunt⁷
531 2197 753 2239 versiculis
793 2195 976 2249 singulis
1015 2208 1092 2250 per
1131 2197 1356 2247 utramque
1394 2193 1726 2248 procedentibus
1763 2195 1977 2250 tabulam,
2022 2181 2120 2236 aet'a

297 2281 335 2308 a.
384 2267 461 2308 101
500 2280 576 2320 per
616 2265 840 2307 continuas
872 2263 1044 2305 tabulas
1078 2261 1186 2303 duas
1218 2266 1408 2303 exarata.
1468 2263 1701 2304 Praeterea
1732 2263 1860 2304 etiam
1890 2266 2119 2317 postquam

299 2340 395 2377 acta
434 2349 642 2377 annorum
681 2333 947 2386 singulorum
993 2331 1038 2372 in
1076 2331 1261 2385 singulis
1298 2330 1456 2372 tabulis
1489 2331 1695 2385 perscribi
1729 2335 1881 2386 coepta
1911 2334 2021 2384 sunt,
2044 2342 2121 2384 per

297 2404 594 2458 exceptionem
626 2402 839 2444 interdum
872 2400 928 2442 ad
958 2413 1082 2442 usum
1115 2399 1399 2452 antiquiorem
1431 2398 1615 2440 reditum
1648 2412 1742 2441 esse
1771 2403 1868 2440 aeta
1889 2397 2122 2443 ostendunt

297 2485 334 2513 a.
368 2473 421 2513 85.)
453 2476 493 2513 et
528 2472 620 2526 126,
653 2483 764 2524 quae
794 2469 838 2510 in
869 2468 1022 2510 mediis
1053 2468 1211 2510 tabulis
1243 2468 1456 2522 incepisse
1487 2471 1679 2521 apparet.
1740 2467 1794 2508 Et
1824 2466 1905 2508 hae
1946 2465 2119 2520 quidem

297 2540 471 2582 tabulae
503 2539 547 2580 in
578 2539 710 2580 muris
742 2538 811 2580 vel
843 2537 1061 2591 stylobata
1090 2536 1236 2590 templi
1268 2535 1470 2578 videntur
1500 2535 1592 2576 sive
1623 2534 1780 2576 infixae
1799 2534 1892 2577 sive
1915 2538 2120 2576 exaratae

300 2621 412 2662 esse,
461 2608 514 2649 ob
559 2620 739 2660 eamque
787 2618 962 2647 causam
1001 2604 1153 2647 eadem
1193 2604 1284 2645 fere
1321 2615 1468 2643 omnes
1508 2603 1734 2645 altitudine
1772 2607 1883 2644 sunt.
1961 2603 2120 2644 Earum

303 2679 445 2716 autem
490 2675 638 2716 ultima
682 2687 792 2728 quae
832 2677 1027 2728 superest
1073 2676 1170 2714 acta
1211 2671 1399 2713 eontinet
1440 2684 1478 2712 a.
1520 2671 1612 2712 155.
1673 2671 1737 2712 Ex
1769 2670 1876 2712 actis
1909 2684 2119 2712 annorum

300 2742 491 2796 proxime
539 2743 888 2795 subsequentium
932 2755 1019 2783 non
1056 2744 1278 2783 remanent
1316 2739 1399 2780 nisi
1438 2738 1622 2780 frustula
1660 2739 1866 2794 exiguas
1885 2752 1997 2793 quae
2034 2750 2122 2780 non

303 2809 562 2866 significent,
595 2824 679 2864 quo
712 2810 837 2852 1110110
870 2810 1045 2852 tabulae
1077 2812 1281 2850 exaratae
1314 2807 1484 2849 fuerint.
1536 2807 1645 2848 Acta
1676 2810 1817 2848 autem
1855 2820 1893 2848 a.
1930 2807 2010 2848 183
2041 2804 2120 2847 dif-

399 2957 423 3000 ¹)
450 2958 496 2992 cs.
532 2958 743 3003 Kliigmann
778 2961 984 3005 Philologus
1015 2959 1181 2995 XXVIII
1343 2957 1372 3002 ⁴)
1399 2956 1445 2994 ef.
1483 2969 1514 2991 a.
1550 2958 1606 2992 27.
1641 2957 1696 2992 38.
1729 2955 1784 2991 40.
1811 2954 1867 2990 58.
1900 2954 1956 2988 59.
1988 2953 2044 2987 69.
2077 2951 2122 2986 72

305 3015 375 3050 vol.
394 3018 415 3052 3
442 3028 475 3061 p.
494 3017 574 3052 479.
1253 3018 1290 3050 et
1316 3015 1337 3050 1.
1365 3026 1395 3051 c.

397 3073 423 3116 2)
451 3074 652 3110 Τ11101110111
683 3077 763 3110 hist.
797 3078 858 3111 des
891 3090 977 3120 emp.
1006 3076 1020 3111 1
1058 3088 1092 3122 p.
1112 3077 1180 3111 622
1345 3073 1371 3118 ⁵)
1400 3072 1446 3107 Cf·
1473 3073 1528 3108 66-
1554 3073 1609 3108 87.
1636 3073 1681 3107 89
1708 3073 1746 3106 et
1771 3070 1792 3105 l·
1820 3080 1850 3104 0·

302 3139 379 3167 note
405 3133 438 3168 4.
1344 3133 1371 3174 ⁶)
1398 3131 1443 3166 cf.
1463 3142 1495 3165 a.
1514 3131 1671 3171 33-363
1698 3128 1826 3164 Claud.
1846 3127 1894 3170 ss;
1921 3127 2030 3170 57‚.‘2;
2056 3125 2118 3169 58;

315 3235 318 3237 -
398 3190 425 3235 ³)
455 3190 500 3225 cs.
528 3203 558 3226 a.
588 3191 632 3227 14
658 3194 695 3227 et
722 3196 915 3228 comment.
951 3192 995 3228 ad
1033 3203 1177 3227 sacrum
1248 3191 1312 3234 593
1339 3191 1401 3228 60.-
1426 3191 1487 3232 693
1514 3190 1576 3231 803
1604 3189 1658 3224 81.

306 3246 398 3283 deae
426 3249 534 3283 Diae.
