2340 3658
973 202 1055 240 dies
1080 204 1275 241 secundus.
1969 201 2023 244 29

489 328 563 360 tum
585 324 736 372 pinques
762 323 849 371 ayni
874 326 905 357 et
931 326 1004 357 tum
1030 321 1240 358 mollissima
1264 323 1363 365 vina,

489 391 561 423 tum
586 387 703 422 somni
729 385 849 422 dulces
875 385 1074 433 densaeque
1099 386 1138 421 in
1162 384 1340 421 montibus
1365 384 1524 422 umbrae.

488 454 616 486 cuncta
640 448 705 485 tibi
733 447 895 486 Cererem
916 446 1030 496 pubes
1056 449 1206 496 aqi-estis
1232 447 1378 484 adoret:

488 515 546 550 cui
570 518 608 549 tu
633 512 725 548 lacte
741 511 860 558 favos
884 514 918 547 et
941 511 1017 547 miti
1042 510 1139 547 dilue
1167 510 1330 555 Baccho,

489 582 611 625 terque
635 586 751 611 novas
777 577 909 611 circum
929 574 1024 623 felix
1050 580 1109 611 eat
1131 574 1249 611 hostia
1265 574 1408 623 sruqes‚

491 641 605 676 omnis
632 650 741 687 quam
768 637 897 675 chorus
923 643 954 674 et
978 638 1068 674 socii
1093 639 1300 674 comitentur
1327 623 1496 687 ovantes,x

488 708 521 740 et
547 701 708 740 Cererem
736 701 893 738 clamore
919 706 1044 737 vocent
1066 702 1106 736 in
1130 705 1231 738 tecta.
1260 711 1372 749 neque
1398 706 1479 737 ante

490 767 619 803 falcem
644 766 797 802 maturis
824 765 1013 813 quisquam
1038 768 1224 812 supponat
1249 764 1381 807 aristis,

487 841 596 878 quam
627 828 749 867 Cereri
773 832 870 863 torta
896 827 1080 863 redimitus
1105 831 1270 874 tempora
1297 837 1430 874 quercu

487 893 546 929 det
570 897 686 929 motus
711 892 954 939 inconpositos
980 895 1012 927 et
1036 891 1201 925 carmina
1227 889 1334 927 dicat.

266 954 276 969 ““
327 950 516 1003 Agres‘tes
544 954 644 992 enim
673 953 767 991 ritus
801 952 862 990 his
898 952 1074 991 versibus
1114 951 1299 1001 descripti
1339 951 1367 989 ii
1393 951 1470 1001 ipsi
1498 955 1604 999 sunt,
1631 961 1729 1000 quos
1759 949 1902 987 maiore
1931 960 2016 987 cum

220 1015 325 1055 cultu
353 1022 392 1055 et
419 1017 710 1066 magnificentia
737 1015 906 1054 Arvales
935 1015 1210 1054 celebrabant:
1239 1014 1287 1052 de
1315 1026 1394 1065 qua
1421 1026 1462 1052 re
1488 1013 1591 1052 infra
1617 1012 1782 1061 amplius
1811 1010 2018 1049 dicendum

219 1078 302 1117 erit.
334 1101 378 1107 ——
406 1080 527 1130 Agna
560 1080 760 1118 immolata
792 1078 945 1117 hostiae
973 1078 1187 1116 litationem
1214 1077 1478 1128 inspexerunt.
1533 1077 1702 1113 Hostiam
1734 1077 1841 1112 recte
1877 1085 2018 1122 agnam

220 1140 298 1180 dici
332 1142 443 1181 testis
477 1145 539 1181 est
573 1143 722 1181 Fronto
759 1143 819 1191 (de
845 1143 920 1192 diff.
948 1156 1024 1180 voc.
1055 1142 1128 1180 vol.
1149 1143 1173 1180 2
1199 1154 1236 1190 p.
1255 1141 1331 1178 482
1358 1140 1418 1179 ed.
1446 1138 1623 1187 Mediol.)
1658 1149 1745 1176 cum
1781 1137 1837 1175 sic
1865 1135 2018 1174 scribit:

217 1205 364 1242 victima
394 1207 516 1243 maior
553 1212 613 1251 est,
655 1206 772 1243 hostia
812 1207 951 1251 minor3
989 1206 1038 1244 cf.
1076 1205 1225 1243 Paulus
1253 1205 1305 1254 (p.
1329 1204 1401 1241 126
1428 1202 1488 1240 ed.
1518 1202 1611 1252 M.):
1648 1203 1841 1238 marimum
1867 1200 2019 1237 hostiam

220 1268 321 1305 ovilli
341 1271 488 1318 pecoris
508 1268 752 1318 appellabant.
772 1290 823 1296 —
841 1269 901 1307 De
927 1268 1103 1307 litatione
1135 1268 1375 1306 victimarum
1414 1266 1463 1305 cf.
1506 1265 1696 1304 Marinius
1722 1277 1762 1314 p.
1782 1262 1878 1303 58⁷:
1918 1264 2019 1301 Inter

218 1330 325 1368 litare
357 1337 390 1368 et
424 1333 652 1380 sacrificare,
700 1330 836 1369 scribit
874 1331 1088 1371 scholiasta
1124 1331 1174 1369 ad
1211 1330 1380 1371 Statium
1417 1329 1524 1366 Theb.
1555 1330 1617 1375 10,
1637 1329 1712 1366 610
1753 1325 1877 1377 (apud
1916 1326 2018 1365 Bar-

217 1391 347 1430 thiumv
372 1406 496 1433 comm.
526 1396 578 1432 ad
606 1396 639 1443 1,
662 1392 766 1445 506),
792 1395 859 1431 hoc
892 1398 1046 1440 interest,
1076 1397 1285 1443 sacrificare
1317 1400 1367 1431 est
1400 1393 1535 1430 hostias
1560 1392 1767 1436 immolare,
1804 1391 1908 1427 litare
1934 1401 2019 1426 vero

214 1468 284 1505 per
299 1457 579 1495 immolationem
597 1458 790 1495 hostiarum
809 1460 1005 1507 impetrare
1023 1459 1123 1507 quod
1134 1458 1303 1508 postules.
1334 1455 1546 1493 Postulata
1561 1454 1791 1504 impetrasse
1811 1451 1886 1490 sibi
1915 1451 2019 1490 vide-

217 1518 361 1558 bantur
388 1531 474 1557 cum
511 1520 764 1570 inspicientes
792 1519 944 1558 viscera
976 1532 1023 1558 ea
1057 1521 1264 1558 convenire
1286 1519 1462 1557 viderent
1479 1517 1703 1568 praeceptis
1731 1515 2019 1566 haruspicinae.

216 1581 282 1620 Ita
322 1582 370 1620 de
413 1581 587 1622 Caesare
635 1582 845 1621 Suetonius
890 1584 1009 1628 (Caes.
1039 1585 1126 1631 81).·
1171 1584 1335 1634 pluribus
1374 1583 1497 1625 hostiis
1536 1583 1650 1618 caesis
1688 1593 1767 1617 cum
1809 1580 1914 1617 litare
1944 1592 2018 1616 non

218 1651 350 1695 posset,
375 1648 516 1683 introiit
548 1649 687 1684 curiam
722 1653 845 1696 spreta
878 1649 1070 1697 reliyione5
1110 1646 1283 1685 similiter
1326 1647 1495 1684 Plautus
1535 1645 1662 1689 (Poen.
1692 1643 1728 1688 2,
1747 1643 1835 1686 41).·
1873 1645 1905 1680 si
1930 1645 2020 1680 istuc

215 1720 375 1758 unquam
392 1710 539 1759 jactum
567 1716 625 1756 est,
654 1716 727 1747 tum
762 1723 816 1747 me
841 1711 1010 1761 Iuppiter
1035 1712 1161 1760 jaciat
1185 1717 1225 1748 ut
1249 1721 1388 1760 semper
1411 1710 1609 1758 sacrificem
1635 1719 1700 1744 nec
1724 1717 1885 1754 unquam
1912 1706 2019 1751 litem,

216 1775 257 1809 et
282 1770 420 1810 Livius
452 1770 531 1822 (41,
553 1773 638 1821 15):
669 1774 802 1810 territis
828 1785 868 1811 eo
892 1774 1066 1824 prodiqio
1090 1774 1276 1823 patribus,
1302 1780 1335 1810 et
1360 1773 1452 1810 alter
1478 1771 1604 1809 consul
1629 1781 1754 1806 curam
1782 1769 1930 1814 adiecit,
1957 1771 2020 1817 qui

219 1847 268 1881 se,
295 1836 396 1884 quod
421 1842 531 1885 caput
557 1838 704 1873 iecineri
730 1837 917 1886 defuisset,
950 1837 1062 1874 tribus
1095 1837 1207 1874 bubus
1236 1837 1425 1886 perlitasse
1455 1837 1610 1884 neqacit.
1651 1838 1795 1869 senatus
1820 1832 2019 1869 maioribus

217 1897 343 1936 hostiis
368 1910 480 1947 usque
500 1899 553 1936 ad
572 1899 770 1936 litationem
786 1901 991 1948 sacrifica-ri
1014 1903 1124 1939 iussit.
1163 1899 1306 1938 Paullo
1324 1899 1438 1938 aliter
1461 1900 1672 1947 usurpatur
1691 1894 1850 1932 verbum
1870 1894 2021 1943 litandi,

218 1970 304 1998 cnm
332 1959 381 1998 de
412 1959 587 2000 Caesare
614 1963 799 2011 Augusto
835 1960 1045 2000 Suetonius
1082 1963 1165 2011 (96)
1202 1962 1258 2000 sie
1298 1967 1448 2000 narrat:
1485 1964 1585 1998 circa
1620 1959 1807 1996 Perusiam
1838 1959 2018 2006 sacrificio

217 2034 291 2060 non
318 2024 437 2061 litanti
462 2037 542 2062 cum
569 2027 697 2075 auqeri
722 2025 856 2062 hostias
882 2027 1092 2075 imperasset
1116 2030 1189 2064 cet.
1227 2025 1407 2075 Denique
1434 2035 1553 2062 sensu
1573 2014 1705 2060 activo'
1731 2020 1889 2059 verbum
1909 2032 2017 2059 usur-

218 2088 347 2135 patur,
374 2090 418 2125 ut
435 2089 543 2137 sacto
569 2090 762 2138 sacrificiO,
789 2087 954 2137 legimus
983 2088 1089 2139 apud
1116 2088 1309 2127 Iustinum
1337 2087 1416 2138 (20,
1436 2089 1488 2136 2),
1522 2087 1629 2123 litatis
1653 2085 1774 2122 hostiis
1801 2084 2018 2132 obtentoque,

217 2154 257 2186 ut
281 2149 474 2196 rebantur,
507 2152 608 2200 quod
628 2151 817 2201 petebant‚·
851 2151 1026 2190 similiter
1052 2151 1252 2198 Vergilius
1295 2150 1402 2201 (Aen
1430 2152 1468 2199 4,
1487 2150 1572 2198 50):
1599 2155 1638 2186 tu
1662 2148 1771 2185 modo
1795 2160 1907 2197 posce
1933 2148 2019 2184 deos

218 2214 361 2250 veniam
387 2216 573 2263 sacrisque
599 2215 708 2252 litatis
739 2215 885 2265 indulye
916 2215 1069 2264 hospitio
1098 2218 1190 2263 cet„
1218 2213 1284 2252 ubi
1320 2212 1478 2252 Servius
1508 2211 1689 2249 adnotat:
1725 2210 1796 2247 diis
1823 2211 1931 2247 litatis
1957 2211 2016 2248 de-

219 2274 296 2312 buit
320 2269 458 2322 dicere;
482 2289 557 2314 non
581 2279 673 2314 enim
699 2289 820 2324 sacra,
846 2279 910 2315 sed
934 2279 1021 2315 deos
1046 2279 1162 2314 sacris
1188 2277 1341 2323 litu-mus,
1367 2279 1390 2314 i.
1420 2289 1448 2314 e.
1471 2277 1675 2326 placamus.
1701 2296 1754 2301 —
1780 2272 2018 2311 Litationem

219 2337 340 2386 igitur
364 2337 559 2389 inspicere
587 2339 769 2379 dicuntur
793 2340 819 2378 ii
847 2341 911 2390 qui
939 2340 1089 2378 viscera
1117 2340 1342 2378 examinant
1366 2338 1519 2377 hostiae
1547 2337 1769 2376 immolatae
1797 2347 1888 2374 num
1918 2336 2017 2375 votis

219 2405 405 2439 annuant

319 2463 502 2503 Perfecto
531 2465 671 2504 deinde
700 2466 892 2506 sacrificio
921 2477 1052 2504 omnes
1081 2469 1164 2503 ture
1193 2470 1232 2503 et
1258 2467 1345 2504 vino
1366 2466 1555 2512 feceruut,
1584 2467 1624 2501 et
1647 2462 1791 2501 reversi
1821 2463 1859 2501 in
1880 2462 2018 2502 aedem

219 2526 259 2565 in
286 2539 423 2566 mensa
449 2540 601 2566 sacrum
629 2529 809 2568 fecerunt
843 2529 929 2567 ollis
958 2532 998 2567 et
1032 2533 1123 2567 ante
1158 2529 1296 2567 aedem
1323 2529 1361 2566 in
1391 2528 1539 2579 cespite
1566 2526 1753 2576 magister
1778 2527 1839 2564 vel
1866 2538 2018 2577 proma·

219 2590 344 2640 gister
376 2595 416 2629 et
448 2590 588 2629 flamen
623 2592 683 2630 vel
716 2591 931 2642 proflamen
966 2603 1118 2630 sacrum
1153 2592 1340 2630 fecerunt.
1367 2614 1418 2619 —
1444 2593 1505 2630 De
1540 2592 1662 2630 sacris
1701 2589 1844 2629 mensis
1872 2589 2016 2628 Festus

219 2653 267 2703 (s.
287 2667 321 2692 v.
350 2666 388 2704 p.
413 2653 483 2692 157
514 2654 575 2692 ed.
603 2655 670 2704 M.)
697 2654 795 2693 haec
824 2654 962 2693 habet:
997 2655 1186 2704 [meanae
1210 2658 1249 2692 in
1275 2655 1422 2693 aedibus
1446 2659 1562 2693 sacris
1588 2654 1763 2702 arar[um
1789 2657 1899 2692 vicem
1929 2653 2017 2689 obti—

217 2717 322 2766 nent]
349 2720 462 2765 cett.;
489 2717 648 2756 uberius
678 2718 726 2756 de
753 2719 799 2756 iis
829 2718 1060 2756 Macrobius
1089 2717 1141 2769 (3,
1164 2718 1225 2768 11)
1254 2718 1311 2757 sic
1340 2719 1495 2757 scribit:
1522 2722 1560 2756 in
1587 2719 1795 2768 Papiriano
1823 2719 1915 2753 enim
1942 2718 2020 2752 iure

218 2780 395 2817 evidenter
420 2781 575 2818 relatum
602 2788 652 2818 est
679 2794 768 2818 arae
794 2784 905 2818 vicem
917 2787 1110 2831 praestare
1124 2794 1232 2830 posse
1248 2795 1405 2819 mensam
1423 2783 1593 2820 dicatam.
1634 2788 1673 2819 ut
1697 2784 1735 2818 in
1755 2779 1885 2828 templo
1906 2780 2019 2826 inquit

218 2843 371 2880 Iunonis
395 2843 628 2893 Populoniae
654 2851 808 2895 auqusta
833 2857 955 2881 'mensa
981 2851 1040 2882 est.
1081 2857 1237 2894 namque
1261 2848 1300 2882 in
1317 2846 1423 2894 fanis
1447 2846 1525 2882 alia
1550 2857 1719 2882 vasorum
1736 2849 1817 2881 sunt
1842 2848 1872 2879 et
1890 2853 2020 2878 sacrae

217 2906 454 2956 supellectilis,
481 2907 559 2943 alia
587 2915 889 2946 ornamentorum,
936 2919 1028 2956 quae
1054 2920 1224 2945 vasorum
1249 2914 1328 2945 sunt
1354 2910 1576 2945 instrumenti
1590 2910 1706 2944 instar
1724 2905 1863 2950 habent,
1892 2905 2019 2953 quibus

217 2980 356 3018 semper
380 2971 564 3018 sacrificia
590 2973 838 3020 conficiuntur,
865 2983 1019 3020 quarum
1046 2984 1166 3008 rerum
1187 2974 1392 3021 principem
1419 2972 1535 3008 locum
1563 2972 1694 3020 optinet
1720 2980 1853 3012 mensa,
1881 2969 1918 3004 in
1945 2979 2020 3016 qua

217 3031 346 3081 epulae
384 3032 640 3081 libationesque
679 3039 712 3070 et
749 3036 857 3082 stipes
895 3040 1129 3082 reponuntur.
1173 3041 1386 3072 ornamenta
1419 3047 1502 3071 vero
1539 3039 1623 3070 sunt
1648 3033 1774 3080 clipet',
1802 3043 1960 3068 coronae
1987 3037 2020 3067 et

218 3093 362 3131 huiusce
393 3096 496 3131 modi
521 3097 691 3133 donaria.
732 3109 846 3146 neque
879 3099 972 3134 enim
1005 3098 1222 3134 dedicantur
1256 3111 1297 3135 eo
1325 3105 1484 3150 tempore
1520 3109 1590 3145 quo
1625 3095 1777 3132 delubra
1808 3099 2018 3140 sacrantur,

218 3163 258 3194 at
280 3169 365 3195 vero
393 3170 517 3195 menam
542 3160 740 3207 arulueque
765 3161 888 3197 eodem
915 3161 972 3197 die
999 3172 1070 3208 quo
1098 3163 1205 3199 aedes
1229 3164 1332 3211 ipsae
1360 3162 1524 3198 dedicari
1549 3160 1673 3204 solent,
1698 3159 1793 3195 unde
1810 3169 1934 3194 mensa
1952 3157 2019 3194 hoc

217 3221 290 3257 ritu
314 3220 485 3258 dedicata
509 3224 547 3259 in
573 3224 704 3271 templo
733 3235 822 3259 arae
847 3235 949 3260 usum
974 3229 1006 3260 et
1029 3224 1236 3273 religionem
1265 3227 1400 3274 optinet
1420 3225 1638 3272 pulvinaris.
1684 3221 1810 3258 Multa
1835 3220 2017 3269 exempla
2079 3214 2082 3219 ¹

216 3292 438 3323 mensarum
464 3288 543 3326 tam
572 3286 611 3325 in
638 3285 894 3324 monumentis
922 3296 1194 3335 expressarum
1215 3298 1331 3338 quam
1360 3285 1466 3336 apud
1487 3285 1701 3335 scriptores
1721 3288 2017 3322 memoratarum
