2340 3658
1028 174 1232 211 Exordium
1244 200 1253 210 .
1963 191 2037 218 XIX

240 292 392 335 ceteris
426 292 634 335 fructuum
666 290 890 335 videbatur
917 290 1186 347 promittere,
1231 292 1276 334 in
1314 296 1559 335 autumnum
1597 291 1886 333 constituimus
1931 305 2038 347 opus

238 360 422 403 differre.
466 361 651 416 Reperta
671 360 716 402 in
738 360 817 403 hac
845 358 1173 413 investigatione
1192 364 1392 403 'actorum
1423 360 1673 414 fragmenta,
1706 359 1805 401 item
1832 360 2036 402 fastorum

238 443 407 484 quoque
443 433 485 472 et
523 442 742 473 sacrorum
772 433 815 473 et
843 428 1034 471 civilium
1064 442 1144 471 nec
1173 441 1260 470 non
1288 428 1428 471 Fortis
1458 429 1671 470 Fortunae
1702 441 1800 469 aras
1832 427 1939 469 duas
1969 443 2037 471 ve-

234 498 489 541 tustissimas
520 498 639 542 edidi
668 498 712 541 in
740 498 961 540 Bullettino
992 496 1179 539 Instituti
1209 496 1521 551 archaeologici
1552 509 1590 538 a.
1626 497 1733 538 1869
1763 509 1804 551 p.
1825 497 2034 543 81-125,

237 567 406 610 omissis
428 567 592 622 aliquot
612 567 804 611 frustulis
826 565 883 608 ad
913 564 1150 620 explendas
1182 564 1351 620 quidem
1381 564 1550 607 tabulas
1580 564 1753 606 mutilas
1784 564 2035 619 utilissimis,

234 637 362 679 nimis
391 639 532 680 autem
562 636 744 691 exiguis,
776 648 904 690 quam
934 646 1043 688 quae
1065 633 1296 690 separatim
1317 633 1550 689 prodirent.

348 706 415 748 20.
473 705 622 748 Mense
658 703 828 748 Octobri
865 703 909 745 in
949 702 1102 745 vineae
1137 706 1260 758 parte
1290 715 1362 757 ea,
1402 715 1530 756 quam
1561 701 1753 744 consulto
1785 706 1912 744 antea.
1942 702 2036 744 reli-

234 773 423 829 quimus,
464 774 659 830 pluribns
696 773 822 815 simul
858 771 963 814 locis
1001 784 1109 827 opus
1139 771 1335 825 aggressi
1366 769 1473 812 nihil
1504 770 1675 812 omnino
1706 769 1965 826 profecimus
1996 776 2037 813 et

236 856 313 899 per
343 846 476 884 totam
505 842 686 884 hiemem
723 841 819 884 loca
864 840 1157 883 diversissima
1200 838 1352 882 vineae
1397 839 1650 894 perscrutati
1693 839 1812 881 nulla
1856 840 2037 895 amplius

234 911 499 967 repperimus
529 910 752 953 Arvalium
782 913 1067 952 monumenta.
1128 908 1399 964 Quapropter
1428 907 1675 950 exhaustam
1707 908 1788 949 rati
1821 909 2035 951 Ceccarel-

232 979 384 1022 liorum
424 979 592 1022 vineam
623 979 678 1022 ab
708 980 876 1035 incepto
906 976 1194 1020 desistendum
1226 989 1321 1018 esse
1351 976 1602 1018 censuimus.
1642 977 1730 1019 Nec
1761 976 1899 1019 hieme
1930 978 2037 1020 inse-

233 1048 379 1103 quenti
412 1046 552 1104 18⁷7„
589 1048 719 1090 ullam
756 1047 884 1089 aliam
927 1050 1091 1103 partem
1130 1045 1222 1088 eius
1256 1046 1573 1100 temptavimus,
1612 1044 1746 1087 donee
1781 1059 1926 1088 mense
1961 1047 2036 1089 cir-

233 1116 337 1160 citer
368 1115 521 1158 Martio
572 1116 616 1158 in
669 1129 832 1159 summo
889 1115 997 1158 colle
1040 1127 1170 1170 supra
1214 1114 1510 1156 coemeterium
1565 1113 1885 1156 subterraneum
1935 1129 2035 1157 casu

233 1184 317 1227 duo
369 1188 559 1227 actorum
609 1183 850 1238 fragmenta
900 1183 1058 1226 effossa
1111 1195 1206 1224 esse
1249 1182 1433 1237 comperi
1480 1182 1535 1224 ad
1582 1195 1717 1224 annos
1769 1184 1823 1226 69
1867 1188 1907 1225 et
1956 1184 2030 1226 101

229 1253 480 1308 spectantia.
542 1253 666 1296 Unde
700 1257 857 1295 terram
895 1251 955 1294 ibi
996 1251 1226 1305 diligenter
1261 1249 1637 1306 pervestigandam
1678 1264 1771 1293 esse
1813 1256 1929 1294 ratus
1958 1266 2035 1308 per

231 1326 317 1364 tres
348 1321 437 1363 fere
468 1320 758 1364 hebdomadas
789 1321 999 1364 fossiones
1029 1319 1201 1373 institui,
1235 1319 1312 1362 sed
1342 1324 1512 1374 praeter
1542 1319 1824 1374 fragmentum
1856 1306 2032 1375 parvum

234 1394 425 1433 actorum
458 1390 559 1432 anni
589 1391 641 1432 87
672 1390 778 1432 nihil
807 1389 1025 1431 inventum
1055 1393 1132 1431 est.
1191 1388 1304 1431 Sane
1334 1389 1462 1430 vinea
1484 1387 1835 1430 Ceccarelliorum
1858 1389 2034 1431 fratrum

230 1460 293 1502 ita
321 1459 489 1502 videtur
518 1472 613 1502 esse
653 1460 887 1515 explorata,
919 1462 965 1500 ut
994 1456 1161 1500 etiamsi
1191 1457 1343 1509 negari
1373 1462 1556 1511 nequeat
1585 1456 1653 1498 hic
1684 1457 1769 1498 illic
1795 1470 1946 1512 sparsa
1974 1458 2033 1499 ibi

229 1529 364 1571 latere
393 1541 531 1583 pauca
560 1531 749 1570 actorum
780 1526 973 1581 frustula,
1005 1525 1122 1567 nullo
1142 1529 1284 1566 tamen
1305 1525 1395 1567 eius
1416 1526 1509 1567 loco
1532 1538 1624 1567 cum
1647 1538 1867 1568 successus
1889 1527 2034 1581 aliqua

229 1609 308 1652 spe
346 1609 461 1638 nova
497 1595 771 1650 investigatio
812 1595 976 1638 institui
1007 1593 1151 1650 possit.
1220 1591 1288 1634 Ad
1331 1597 1495 1648 portam
1533 1593 1686 1635 vineae
1732 1594 1909 1636 alterius
1944 1594 2033 1637 Ste-

229 1664 361 1721 phani
393 1664 657 1719 Ceccarellii,
688 1677 799 1719 quae
829 1664 884 1706 ab
915 1663 1049 1706 altero
1088 1662 1221 1704 latere
1257 1661 1354 1703 viae
1390 1661 1588 1717 publicae
1625 1675 1649 1704 8
1678 1662 1852 1716 regione
1882 1663 2033 1706 vineae

230 1733 582 1777 Ceccarelliorum
599 1732 777 1775 fratrum
792 1746 941 1775 versus
957 1730 1145 1773 Tiberim
1168 1730 1252 1772 sita
1274 1735 1349 1784 est,
1373 1731 1615 1784 fragmenta
1639 1732 1840 1773 nonnulla
1864 1736 2032 1787 reperta

229 1814 329 1846 esse
346 1802 544 1845 videntur
565 1801 608 1857 ¹).
654 1802 760 1844 Item
792 1801 837 1843 in
868 1815 922 1844 ea
949 1800 1104 1843 rudera
1133 1804 1279 1842 extant
1306 1802 1493 1840 veterum
1516 1798 1806 1841 aedificiorum
1830 1799 1885 1841 ad
1906 1804 2030 1842 tetra-

228 1872 387 1926 stylum
430 1870 609 1913 fratrum
652 1870 871 1913 Arvalium
909 1870 1047 1912 relata
1084 1882 1111 1910 a
1150 1867 1410 1922 Pellegrinio
1432 1867 1482 1923 ²),
1524 1868 1596 1921 qui
1643 1868 1698 1909 ad
1735 1868 1854 1910 illum
1893 1869 2031 1910 locum

227 1940 442 1996 pertinere
493 1943 636 1982 censet
679 1951 707 1981 a
750 1938 961 1981 Flaminio
1009 1937 1154 1979 Vacca
1197 1935 1355 1978 tradita
1397 1936 1539 1978 verbis
1584 1935 1672 1977 his:
1732 1937 1874 1988 „fuori
1923 1938 2032 1978 della

228 2009 422 2050 suddetta
455 2014 581 2061 porta
617 2008 821 2058 (Porlese)
859 2008 937 2047 dne
974 2006 1106 2047 {mone
1143 2004 1240 2059 (sic)
1278 2006 1418 2058 miylia
1449 2006 1616 2046 lontano
1647 2006 1715 2045 nel
1743 2006 1863 2059 Iuoyo
1893 2007 1963 2046 che
1992 2008 2029 2047 si

230 2078 391 2118 chiama
420 2076 559 2130 affoqa
587 2076 749 2125 tesino,
779 2089 899 2117 verso
929 2076 961 2116 il
991 2075 1138 2116 Tenere
1167 2076 1210 2115 iu
1240 2076 1340 2115 certi
1370 2075 1532 2114 canneta·
1553 2075 1598 2114 al
1617 2079 1747 2126 tempo
1769 2074 1811 2113 di
1833 2075 2033 2126 Greqorio

230 2147 340 2188 XIII
371 2147 525 2199 furano
564 2147 717 2187 travali
745 2146 858 2186 molti
887 2145 1046 2185 consoli
1075 2145 1119 2184 di
1149 2134 1318 2193 mar-mo,
1349 2157 1370 2183 e
1401 2144 1594 2184 ciascuuo
1627 2155 1757 2183 atera
1786 2144 1818 2182 il
1844 2156 1919 2183 suo
1947 2145 2032 2195 pie-

231 2216 398 2256 aistano
429 2229 506 2256 con
536 2217 574 2256 le
603 2216 760 2264 lettere,
797 2227 907 2255 come
937 2214 1064 2254 anche
1093 2214 1264 2254 coloune
1293 2213 1337 2253 di
1366 2225 1522 2252 mar-mo
1550 2212 1698 2265 yeutile
1728 2212 1871 2264 Iunqke
1901 2218 2034 2252 trenta

228 2286 379 2338 palmi.-
415 2290 551 2338 queste
585 2284 739 2336 furano
768 2289 907 2337 seyale
936 2297 958 2324 e
985 2283 1202 2324 servirono
1232 2295 1308 2334 per
1338 2282 1380 2321 la
1410 2281 1599 2333 cappella
1629 2282 1887 2333 Greyom'ana
1916 2282 1958 2320 in
1990 2281 2031 2320 S.

230 2354 389 2394 pietro.-
426 2355 456 2394 [ι’
495 2353 652 2394 consoli
685 2354 838 2406 furano
873 2354 1013 2405 sparsi
1040 2366 1116 2405 per
1144 2352 1298 2391 Roma:
1335 2364 1402 2390 ma
1432 2346 1559 2391 erano
1592 2350 1647 2390 da
1678 2350 1881 2390 mediocre
1912 2363 2032 2390 mano

230 2423 434 2463 lavora1i“
458 2421 504 2476 ³).
563 2421 727 2473 Quibus
758 2420 900 2464 verbis
930 2419 1125 2475 quamvis
1155 2433 1181 2461 a
1209 2432 1311 2461 vero
1341 2418 1603 2461 aberraverit
1631 2417 1773 2459 Vacca
1793 2417 1837 2459 in
1859 2431 2032 2459 numero

235 2489 513 2532 miliariorum
544 2489 788 2543 indicando,
817 2493 989 2545 propter
1027 2488 1109 2530 loci
1139 2487 1472 2544 appellationem
1504 2491 1546 2529 et
1574 2487 1668 2542 ipsa-
1697 2499 1806 2540 quae
1838 2499 1864 2528 a·
1893 2486 2034 2529 Vacca

233 2562 521 2600 memorantur
550 2557 806 2600 arundineta
828 2557 1051 2614 probabile
1075 2561 1138 2600 est
1156 2570 1256 2599 vere
1284 2556 1473 2611 intellegi
1505 2555 1673 2598 vineam
1704 2554 1814 2596 hanc
1844 2555 2032 2597 alteram.

236 2626 413 2669 Sta-tuae
456 2629 597 2668 autem
626 2626 758 2668 titulis
790 2630 965 2669 ornatae
997 2639 1047 2668 eo
1079 2626 1172 2668 loco
1204 2626 1389 2668 effossae
1418 2638 1511 2667 cum
1543 2622 1831 2678 respondeant
1861 2623 2033 2665 basibus

233 2694 548 2749 imperatorum,
580 2694 634 2738 de
664 2695 817 2749 quibus
847 2699 975 2738 antea
1004 2694 1200 2748 diximus,
1232 2698 1273 2736 et
1300 2694 1420 2749 ipsae
1447 2706 1612 2735 sacrum
1645 2692 1864 2734 Arvalium
1885 2705 2033 2745 agrum

235 2761 292 2804 ad
331 2775 424 2804 eam
462 2776 632 2817 quoque
667 2764 765 2806 viae
801 2768 964 2820 partem
1003 2763 1249 2818 pervenisse
1288 2761 1548 2804 confirmant.
1608 2759 1794 2814 Accedit,
1833 2760 1958 2814 quod,
1991 2765 2034 2802 ut

234 2835 363 2873 antea
400 2829 584 2874 vidimus
621 2832 852 2875 tradidisse
888 2831 1215 2874 Buonarrotium
1234 2831 1289 2885 ⁴),
1330 2829 1501 2871 tabulae
1540 2828 1595 2870 ad
1631 2841 1768 2870 annos
1804 2829 1870 2870 80.
1903 2829 1953 2869 81
1993 2834 2034 2871 et

236 2901 316 2942 183
345 2899 606 2955 pertinentes
636 2914 664 2941 a
691 2901 913 2955 Magliana
942 2901 1117 2943 Romam
1148 2899 1346 2942 euntibus
1371 2903 1491 2953 parte
1522 2897 1672 2939 dextra
1704 2896 1887 2939 effossae
1908 2901 2032 2948 sunt3

235 2968 308 3011 ubi
344 2968 427 3010 nisi
471 2981 565 3010 eum
606 2980 749 3011 errore
786 2968 979 3010 dextram
1029 2973 1071 3011 et
1110 2968 1324 3010 sinistram
1376 2970 1639 3022 permutasse
1691 2965 1860 3019 statuis,
1906 2965 2033 3007 vinea

233 3037 339 3079 haec
368 3036 641 3090 intellegatur
670 3049 846 3079 necesse
876 3041 952 3079 est.
999 3036 1140 3088 Quare
1171 3036 1339 3079 vineam
1371 3047 1538 3089 quoque
1560 3033 1763 3089 Stephani
1788 3033 2033 3075 Cecearellii

330 3152 356 3194 ¹)
381 3151 427 3186 cf.
453 3151 693 3196 fragmentum
718 3150 920 3185 Domitiani
945 3151 995 3184 A.
1268 3149 1296 3192 ⁸)
1330 3151 1456 3184 Vacca
1491 3149 1655 3182 memorie
1694 3149 1739 3183 98
1787 3147 1883 3194 apud
1921 3148 2034 3183 Feam

328 3212 359 3252 ²)
385 3209 518 3254 Edffizj
560 3209 621 3243 del
661 3209 804 3255 collequ'o
856 3209 909 3244 ἅθ’
946 3209 1097 3254 fratelli
1179 3208 1331 3243 Miscell.
1357 3207 1428 3243 vol.
1453 3208 1479 3240 I.
1504 3217 1539 3251 p.
1557 3204 1692 3242 XCIV.

235 3269 364 3303 Art-ali
389 3279 421 3315 p.
442 3269 497 3305 10.
1270 3265 1297 3310 ⁴)
1327 3265 1373 3300 cf.
1399 3276 1434 3312 p.
1453 3264 1557 3301 XIII.

1706 3322 1770 3355 9*

1707 3352 1730 3367 cd
