2340 3658
358 209 386 251 4
1085 200 1190 236 Sacri
1216 198 1308 235 deae
1335 199 1428 235 Diae

461 322 538 360 His
558 321 660 359 inter
684 330 726 358 se
749 317 902 358 collatis
926 317 1010 355 dies
1033 314 1140 355 XVI
1159 314 1297 353 XIIII
1317 314 1432 353 XIII
1452 318 1620 365 apparet
1646 316 1818 356 incidere
1846 316 1886 356 in
1907 328 2029 356 annos
2050 328 2165 358 aerae

361 385 634 425 Varronianae
662 394 790 433 pareS,
819 381 901 419 dies
932 380 994 418 VI
1024 379 1116 417 IIII
1145 378 1213 416 III
1241 378 1284 416 in
1330 378 1502 416 eiusdem
1531 390 1653 418 annos
1693 379 1879 430 impares:
1920 380 2167 431 excipiuntur

363 449 455 489 anni
484 449 557 486 812
586 448 660 485 816
689 446 774 493 822,
804 444 944 494 quibus
965 453 1117 480 sacrum
1148 442 1370 480 celebratur
1397 453 1431 480 a.
1453 441 1489 479 d.
1518 440 1582 479 VI
1602 441 1695 480 IIII
1715 442 1798 491 III,
1827 443 1996 494 annique
2025 445 2097 482 811
2128 448 2168 483 et

366 513 453 559 819,
483 510 624 560 quibus
654 519 804 546 sacrum
835 506 877 543 fit
905 518 937 543 a.
961 505 996 543 d.
1016 504 1123 542 XVI
1151 504 1289 542 XIIII
1318 503 1452 553 XIII,
1489 503 1656 554 denique
1684 517 1808 543 annus
1837 506 1931 555 843,
1960 518 2038 557 quo
2066 519 2101 548 a.
2129 507 2166 546 d.

362 574 473 612 VIII
505 573 567 611 VI
595 572 632 609 V
664 570 894 609 sacrificium
922 569 966 606 fit
981 568 1020 617 ¹).
1075 568 1184 606 Anni
1224 572 1354 607 autem
1395 567 1435 606 hi
1470 572 1628 618 praeter
1664 569 1737 606 843
1775 571 1843 607 aut
1877 569 2029 620 imperii
2077 575 2169 610 sunt

362 636 531 675 Neronis
575 637 643 673 aut
682 633 882 684 proximus
931 638 1024 681 post
1075 631 1237 669 caedem
1271 631 1365 669 eius.
1421 631 1564 682 Itaque
1604 632 1713 670 Nero
1747 631 1920 670 ordinem
1959 633 1999 671 in
2039 633 2166 673 Arva-

368 701 460 738 lium
489 699 614 738 sacris
643 699 760 735 antea
786 699 978 733 retentum
1005 694 1212 732 invertisse
1241 694 1411 742 videtur;
1440 694 1505 744 qui
1533 706 1620 733 cum
1648 706 1818 733 mensem
1836 695 2015 745 Aprilem
2041 696 2167 737 Nero-

372 774 484 800 neum
515 759 786 811 appellaverit,
814 758 928 808 plura
963 757 1039 795 alia
1067 769 1221 807 quoque
1256 757 1295 795 in
1329 757 1440 795 fastis
1479 757 1599 795 sacris
1636 769 1781 796 novare
1809 758 1937 807 potuit
1964 757 2030 810 (cf.
2059 759 2167 799 Suet.

370 825 463 864 Ner.
488 823 567 875 55),
595 824 705 873 isque
735 821 831 859 ordo
858 821 1038 871 proximo
1067 831 1222 871 quoque
1255 824 1349 870 post
1375 820 1573 859 Neronem
1601 832 1702 858 anno
1730 821 1960 870 urgentibus
1987 821 2102 860 bellis
2131 826 2171 862 et

375 887 632 927 seditionibus
654 884 805 923 mansit.
863 884 1078 922 Pristinam
1109 883 1250 921 deinde
1278 883 1599 922 consuetudinem
1627 883 1847 922 restituisse
1875 889 2042 935 apparet
2067 885 2168 926 Ves-

370 952 588 1002 pasianum,
619 960 702 987 cum
733 959 832 998 quae
863 960 913 986 ex
941 947 1050 985 annis
1081 946 1127 985 75
1156 952 1194 985 et
1222 945 1269 985 78
1298 950 1388 985 acta
1423 950 1644 996 supersunt,
1675 947 1757 985 dies
1786 947 1962 987 indicent
1989 953 2027 988 et
2054 953 2173 989 antea

369 1020 407 1054 et
434 1015 576 1065 postea
604 1012 822 1051 sollemnes.
883 1011 998 1059 Quod
1028 1022 1120 1049 vero
1149 1022 1251 1048 anno
1280 1010 1354 1048 843
1386 1009 1523 1048 diebus
1560 1022 1757 1060 nunquam
1786 1011 1885 1050 alias
1913 1011 2068 1051 usitatis
2095 1014 2171 1052 Ar-

367 1077 475 1117 vales
506 1087 659 1114 saerum
688 1075 849 1124 faciunt,
878 1075 941 1123 id,
971 1086 1055 1112 cum
1084 1074 1144 1112 bis
1172 1074 1211 1111 in
1241 1074 1339 1111 actis
1368 1072 1451 1110 dies
1481 1073 1618 1123 scripti
1653 1073 1730 1111 sint
1757 1085 1828 1112 nec
1857 1074 2048 1113 erravisse
2077 1087 2171 1126 qua-

367 1140 579 1179 dratarium
617 1139 734 1176 statui
762 1138 902 1188 possit,
930 1142 1092 1188 propter
1121 1148 1282 1176 causam
1318 1135 1515 1186 quandam
1541 1136 1778 1186 peculiarem
1809 1137 1891 1175 solo
1918 1137 1992 1177 hoc
2021 1150 2121 1178 anno
2149 1152 2174 1178 a

368 1203 590 1243 Domitiano
620 1201 773 1240 videtur
802 1201 1014 1239 admissum
1043 1211 1150 1247 esse;
1180 1212 1267 1237 nam
1297 1204 1387 1238 acta
1414 1211 1602 1238 annorum
1629 1200 1806 1250 proxime
1834 1201 2107 1250 praecedentis
2136 1208 2175 1242 et

369 1267 567 1317 sequentis
611 1277 635 1303 a
670 1265 861 1303 communi
900 1268 1118 1302 ceterorum
1155 1264 1245 1312 lege
1280 1275 1357 1301 nou
1391 1262 1632 1313 discrepant.
1687 1264 1786 1301 Eam
1819 1263 1948 1312 legem
1978 1263 2055 1304 iam
2084 1270 2173 1305 ante

373 1331 521 1381 aliquot
550 1340 684 1377 annOS,
714 1329 787 1367 etsi
807 1328 995 1378 pauciora
1033 1331 1113 1365 tum
1151 1326 1386 1364 documenta
1419 1327 1627 1374 extabant,
1661 1325 1873 1376 perspexit
1893 1326 2174 1378 Mommsenus,

372 1393 574 1432 Arvalium
604 1404 758 1430 sacrum
788 1391 918 1441 specie
960 1392 1112 1429 tantum
1151 1388 1394 1438 indictivum,
1422 1401 1512 1428 vere
1541 1393 1685 1428 statum
1714 1389 1836 1428 fuisse
1866 1389 2013 1430 docens
2044 1392 2175 1437 (Chro-

368 1458 512 1506 noloyz'e
540 1455 590 1493 ed
621 1457 644 1492 2
673 1467 708 1505 p.
729 1456 776 1493 71
808 1454 954 1504 seqq.):
990 1454 1028 1491 in
1064 1453 1176 1491 fastis
1205 1452 1305 1490 enim
1334 1452 1601 1502 Eudoxianis,
1637 1465 1735 1503 quos
1764 1461 1908 1503 aptatos
1936 1454 2032 1493 dicit
2057 1455 2175 1495 Colu-

371 1520 490 1558 mella
520 1520 579 1564 (de
598 1531 626 1556 r.
649 1530 678 1555 r.
698 1517 735 1564 9,
751 1519 809 1564 14,
824 1517 864 1568 2)
889 1518 1047 1567 publicis
1073 1519 1273 1565 sacrificiis,
1302 1515 1386 1554 dies
1414 1528 1557 1554 nonum
1567 1546 1577 1566 ,
1605 1516 1874 1567 undecimum,
1903 1517 2173 1559 duodecimum

372 1583 623 1622 Geminorum
651 1580 890 1631 respondere
918 1580 1162 1630 publicorum
1191 1579 1380 1618 fastorum
1410 1579 1548 1618 diebus
1577 1591 1696 1630 supra
1720 1580 1852 1619 relatis
1880 1580 1949 1630 ita,
1989 1585 2034 1619 ut
2060 1582 2175 1622 alter-

372 1647 432 1685 nis
460 1644 571 1684 annis
599 1645 638 1682 in
666 1645 811 1683 alteros
840 1647 949 1682 utros
981 1655 1114 1681 sacros
1145 1643 1228 1681 dies
1244 1643 1450 1682 Arvalium
1476 1642 1668 1692 incidant,
1697 1643 1847 1681 scilicet
1867 1643 1977 1682 annis
2006 1656 2175 1684 commu-

374 1710 487 1748 nibus
515 1709 554 1746 in
584 1707 666 1745 dies
695 1707 755 1745 VI
785 1707 878 1745 IIII
906 1707 975 1744 III
996 1705 1185 1744 kalendas
1208 1706 1356 1754 Iunias,
1386 1706 1497 1745 annis
1526 1710 1655 1744 autem
1674 1706 2008 1745 intercalationem
2029 1706 2174 1747 haben-

375 1774 480 1812 tibus
515 1772 554 1809 in
590 1771 673 1809 dies
708 1770 815 1808 XVI
850 1770 989 1808 XIIII
1024 1769 1136 1807 XIII
1172 1769 1362 1808 kalendas
1392 1770 1561 1809 easdem.
1618 1772 1756 1808 Annos
1793 1781 1886 1808 vero
1918 1770 2175 1811 intercalares

374 1837 562 1875 fastorum
594 1838 682 1872 ante
714 1834 930 1873 Caesarem
957 1836 1204 1882 receptorum
1232 1844 1319 1871 esse
1347 1845 1471 1872 annos
1500 1845 1617 1884 pares
1637 1833 1923 1883 Varronianos,
1952 1845 2174 1874 communes

374 1899 543 1949 impares
572 1897 611 1947 (l.
634 1909 665 1935 c.
687 1909 723 1947 p.
744 1896 817 1945 19).
1307 1911 1310 1914 ⁴

475 1962 534 2000 De
572 1971 685 1998 sacro
722 1959 925 1998 Arvalium
957 1959 1193 2018 disseremus
1221 1959 1295 2009 ita,
1330 1963 1373 1998 ut
1404 1960 1568 2010 primum
1609 1960 1657 1998 de
1697 1959 1910 1999 indictione
1959 1959 2042 1999 eius
2083 1970 2177 2009 aga-

376 2037 478 2073 muS,
513 2027 654 2074 postea
686 2022 737 2062 ad
774 2023 948 2072 singulos
986 2023 1068 2061 dies
1107 2034 1239 2061 sacras
1272 2023 1530 2063 caerimonias
1563 2035 1785 2063 enarremus
1814 2036 1838 2064 a
1864 2023 2050 2063 fratribus
2079 2022 2178 2061 cele-

376 2089 522 2127 bratas.

665 2279 723 2325 A.
782 2274 1080 2325 INDICTIO
1120 2275 1469 2326 SACRIFICII
1505 2276 1678 2326 DEAE
1715 2276 1887 2325 DIAE.

484 2436 652 2476 Indictio
699 2435 898 2475 sollemnis
941 2435 1122 2475 sacrificii
1163 2447 1249 2474 num
1290 2437 1366 2475 iam
1402 2436 1578 2486 Augusti
1613 2440 1651 2474 et
1686 2436 1834 2475 Tiberii
1870 2441 2000 2476 aetate
2027 2437 2065 2476 in
2094 2441 2184 2476 acta

380 2501 515 2540 referri
530 2501 649 2539 solita
677 2500 727 2539 sit
753 2500 974 2549 ignoratum
1003 2505 1106 2538 certe
1124 2510 1256 2537 eorum
1271 2503 1488 2549 temporum
1505 2511 1604 2550 quae
1621 2504 1843 2549 supersunt,
1873 2504 1915 2539 ut
1932 2499 2186 2539 indictionem

382 2577 460 2603 non
489 2563 702 2602 excludunt
729 2563 890 2613 (nullum
923 2562 1022 2600 enim
1051 2562 1132 2600 eius
1163 2563 1302 2601 aetatis
1323 2563 1583 2612 fragmentum
1612 2562 1695 2600 dies
1722 2566 1802 2601 tam
1829 2563 2111 2613 praecedentes
2128 2563 2184 2602 in-

384 2627 593 2666 dictionem
619 2639 735 2677 quam
765 2630 975 2676 sequentes
1006 2625 1200 2675 exhibet),
1235 2627 1291 2665 ita
1325 2638 1402 2664 non
1430 2629 1666 2677 proponunt.
1722 2625 1925 2664 Invenitur
1952 2626 2116 2676 primum
2142 2625 2182 2665 in

384 2691 482 2730 actis
512 2691 601 2729 anni
630 2691 677 2727 38
707 2690 874 2740 indeque
903 2694 1094 2739 perpetuo
1132 2701 1241 2727 suum
1274 2691 1403 2729 locum
1438 2690 1589 2729 obtinet
1617 2700 1742 2739 neque
1770 2701 1973 2740 umquam,
2001 2689 2068 2728 ubi
2095 2693 2187 2729 acta

386 2754 439 2793 ad
467 2766 533 2792 eos
562 2754 646 2791 dies
675 2753 918 2803 perveniunt,
949 2752 1204 2791 desideratur.
1264 2752 1496 2803 Concipitur
1523 2752 1560 2790 in
1590 2753 1688 2791 actis
1718 2752 1793 2791 sic:

1038 2943 1071 2987 1.
1124 2943 1303 2987 Annus
1335 2947 1382 2987 et
1412 2942 1535 2986 dies.

490 3070 629 3109 Annus
659 3074 697 3110 et
725 3070 808 3109 dies
836 3081 1029 3122 nusquam
1050 3070 1192 3109 desunt
1211 3070 1285 3109 nisi
1313 3069 1443 3121 lapide
1466 3071 1591 3109 fracto
1611 3073 1650 3108 et
1667 3081 1864 3121 peraeque
1884 3069 2047 3120 primum
2061 3068 2189 3108 locum

389 3134 576 3173 obtinent.

488 3300 510 3347 ¹)
540 3301 579 3335 In
606 3303 727 3338 indice
755 3314 864 3349 supra
890 3303 1083 3350 proposito
1111 3313 1226 3338 annos
1246 3313 1266 3337 a
1285 3302 1464 3337 communi
1482 3303 1564 3348 lege
1582 3301 1800 3339 recedentes
1819 3299 2001 3335 asterisco
2027 3297 2189 3334 distinxi.

2327 1570 2340 1622 ,ἒ

2326 1637 2340 1816 ’1

2327 1817 2340 1974 ξ,

2310 2015 2311 2018 ,
2329 1988 2340 2035 ἓ
