2340 3658
27 330 174 415 ξι.

82 610 123 647 11
156 612 173 637 ι

153 1156 170 1180 5

138 1776 172 1802 10

948 213 1050 250 Nero
1078 213 1267 249 Claudius.

260 337 484 425 praeeunte
511 332 558 372 L.
588 331 731 372 Salvio
762 330 917 372 Othone
945 329 1116 371 Titiano
1146 332 1320 389 propter
1350 359 1745 370 ..........
1783 331 1822 367 et
1850 326 2003 367 valetu-
2060 350 2090 371 a.
2113 344 2147 370 ss

260 475 359 512 vota
387 472 641 523 nuncupavit
669 472 713 510 in
744 467 966 524 Capitolio.

263 595 491 638 adfuerunt
518 595 567 636 L.
597 594 764 636 Saleius
801 595 903 636 Otlao
942 594 1146 647 Titianus,

261 733 552 790 Apronianus,
593 731 642 783 Q.
680 732 913 774 Postumius
950 734 1007 772 Ca
1046 764 1055 772 .

1841 224 2004 251 Lxxxm

1371 395 1525 463 {dinem
1557 395 1755 438 Caesaris
1782 395 1958 448 Auqusti
1971 392 2005 448 ²)

1272 798 1410 864 lisdem
1437 799 1752 850 coOOssulibus)
1782 830 2007 841 ......

204 872 450 925 magisterio
486 871 755 926 imperatoris
783 870 961 910 Neronis
992 869 1140 910 Claudi
1171 869 1406 917 Caesazris)
1437 870 1652 922 Auysusti]
1681 870 1730 909 ΙΙ
1760 869 1897 922 patris
1923 880 2009 921 pa-

1059 936 1177 1003 'triae
1205 939 1479 998 promaqisler
1507 939 1560 978 M.
1590 938 1779 991 Aponius
1807 937 2010 978 Salurni-

259 1022 339 1050 nus
376 1008 531 1062 collegi
570 1008 742 1050 fratrum
781 1008 995 1048 Arvalium
1031 1008 1192 1047 nomine
1226 1008 1452 1048 immolavit
1489 1037 2007 1048 .............

1686 1073 1715 1140 Ι.
1749 1107 1759 1115 .
1789 1106 1799 1115 .
1830 1074 1881 1115 ob
1912 1074 2010 1115 lau-

261 1159 353 1188 rum
366 1145 397 1200 ¹)
434 1146 702 1201 imperatoris
741 1146 920 1187 Neronis
956 1145 1103 1186 Claudi
1140 1145 1371 1194 caessaris)
1409 1145 1623 1198 Auycusti)
1661 1145 1936 1193 Germsanici)
1966 1145 2010 1184 in

1527 1212 1533 1281 Ι
1547 1214 1693 1265 templo
1724 1213 1810 1252 divi
1836 1213 2011 1266 Auyusti

258 1297 370 1327 novo
402 1283 502 1326 divo
534 1282 766 1337 Aug(usto)
795 1281 988 1337 b(0vem)
1016 1282 1235 1337 m(arem),
1269 1283 1390 1323 dicae
1418 1283 1628 1336 Auyuseae
1656 1286 1882 1336 vace-(am),
1914 1282 2009 1322 divo

470 1351 658 1418 'Claudio
694 1353 874 1401 bsovem)
919 1355 1130 1403 fusorem),
1179 1353 1300 1392 divae
1332 1352 1546 1393 Claudiae
1579 1354 1745 1406 oirqini
1784 1354 2010 1401 uaedam),

257 1421 385 1464 divae
406 1422 635 1477 Poppaeae
666 1421 884 1479 Augustae
913 1424 1137 1474 vaccsam),
1171 1422 1299 1461 Genio
1328 1419 1629 1473 imp(eratoris)
1655 1422 1833 1462 Neronis
1863 1420 2011 1462 Claudi

822 1488 1100 1555 ΙΟαεεωι-ἱε)
1098 1489 1313 1542 Auysusti)
1344 1491 1618 1540 Get-msanici)
1649 1495 1831 1540 taurum,
1859 1490 2013 1532 Iunoni

256 1559 530 1601 Messallinae
551 1558 777 1614 προφω).

863 1560 991 1599 isdem
1013 1559 1331 1610 eosnksulibus)
1353 1591 1598 1601 .........
1619 1561 1857 1613 mayisterio
1878 1561 2012 1613 impe-

257 1628 410 1670 ratoris
430 1627 616 1670 Neronis
637 1628 789 1670 Claudi
811 1627 1043 1678 Caessaris)
1065 1627 1279 1681 Anysusti)
1309 1629 1357 1669 ΙΙ
1382 1630 1517 1681 patris
1544 1630 1710 1681 patriae
1736 1630 2013 1682 promayister

263 1769 372 1808 trum
394 1765 617 1808 Arvalium
640 1767 804 1807 nomine
834 1797 1098 1806 .......

264 1837 387 1876 eunte
417 1834 465 1876 L.
497 1833 644 1877 Salvio
666 1833 826 1876 Othone
849 1835 1011 1876 Titiano
1021 1833 1067 1889 ²).

1152 1694 1215 1762 ΙΜ.
1244 1697 1432 1749 Aponius
1460 1698 1712 1739 Saturninus
1742 1698 1887 1752 colleyi
1913 1699 2012 1752 fra-

1131 1797 1863 1810 ..................
1881 1781 2014 1821 prae-

1155 1836 1284 1876 isdem
1314 1837 1630 1886 cosrosodibus)
1650 1836 1759 1877 XIII
1774 1837 2013 1886 ksalendas)

1426 1904 1624 1972 [Iunsias]
1653 1907 1810 1959 fratres
1837 1905 2015 1947 Arvales

263 1970 319 2013 ad
350 1971 603 2014 sacrificium
633 1973 994 2013 consummandum
1024 1974 1128 2014 deae
1153 1974 1261 2014 Diae
1290 1981 1490 2015 cenarunt
1501 1975 1547 2029 ³)
1579 1976 1802 2028 adfuerunt
1820 1975 1873 2016 M.
1894 1975 2015 2028 Apo-

1631 2042 1735 2110 'nius
1764 2045 2016 2084 Saturninus

264 2109 564 2163 promagister
603 2110 651 2152 L.
689 2111 857 2152 Saleius
887 2110 989 2151 Oeno
1024 2112 1208 2152 Titianus
1239 2144 1248 2152 .
1281 2143 1291 2152 .
1325 2144 1334 2151 .
1367 2144 1378 2153 .
1410 2144 1420 2153 .
1453 2144 1462 2152 .
1495 2145 1504 2153 .
1537 2135 1546 2153 ·.
1579 2139 2014 2154 ...........

1392 2179 1399 2247 Ι
1403 2213 1971 2223 ..............

302 2327 331 2371 ²)
357 2327 649 2373 supplementum
683 2328 890 2371 σ[αεανν1ιί],
925 2328 971 2362 de
1004 2340 1076 2374 quo

210 2387 383 2431 cogitavi,
410 2385 686 2431 improbandum
706 2390 793 2428 erat,
820 2385 917 2431 quod
944 2386 1077 2421 deesse

210 2455 283 2479 non
299 2447 425 2490 potest
441 2454 574 2478 nomeu
591 2445 671 2479 eius
691 2444 751 2489 qui
771 2444 898 2479 morbo
919 2444 1079 2479 affectus

210 2505 301 2544 erat,
327 2501 486 2548 spatium
516 2506 638 2536 autem
663 2502 759 2536 iuter
779 2502 894 2536 verba
918 2504 1079 2547 [valetlu-

210 2562 327 2595 dinem
358 2565 396 2594 et
427 2561 631 2604 [Clapitolio
663 2559 771 2595 nimis
802 2564 996 2605 angustum
1023 2565 1083 2596 est

211 2629 318 2664 quam
359 2617 458 2664 qnod
497 2622 555 2652 tot
586 2619 735 2653 uomina
769 2619 907 2664 capiat.
955 2620 1082 2665 Ipsum

211 2675 311 2722 quod
335 2676 474 2711 inserui
500 2676 794 2722 supplementum
821 2676 983 2711 Caesaris
1007 2679 1080 2712 Au-

207 2736 302 2780 qusti
326 2733 501 2769 dubitans
533 2735 730 2781 proposui,
763 2744 844 2768 cum
874 2735 1082 2770 nominibus

212 2793 291 2828 suis
316 2791 485 2826 omnibus
510 2792 548 2826 in
572 2791 643 2827 hac
668 2791 796 2826 tabula
820 2791 923 2828 Nero
954 2794 1080 2840 appel-

210 2850 280 2885 lari
304 2849 382 2885 fere
408 2849 547 2892 soleat,
580 2859 798 2895 quamquam
823 2862 954 2886 nomen
979 2855 1081 2886 certe

212 2906 356 2943 Claudii
383 2907 565 2943 omittitur
589 2909 700 2942 etiam
724 2920 804 2953 paq.
823 2909 846 2943 2
860 2910 895 2953 s,
916 2909 947 2943 7.

305 2965 473 3010 Paginae
506 2967 540 3002 2.
589 2979 608 3000 c
659 2966 685 3007 ¹)
717 2965 807 3000 Cum
846 2975 989 3000 sacrum
1032 2967 1078 3001 ob

212 3022 373 3057 lauream
406 3035 427 3058 a
459 3023 615 3058 Nerone·
641 3023 676 3057 iu
712 3023 934 3068 Capitolium
970 3024 1078 3059 latam

212 3081 283 3116 hoc
300 3081 383 3116 loco
400 3081 465 3116 fiat
478 3081 514 3115 in
527 3080 668 3126 templo
682 3091 789 3122 novo,
804 3083 916 3115 antea
933 3082 1029 3127 (pag.
1045 3084 1077 3124 1,

212 3139 273 3182 10)
296 3139 332 3173 in
359 3139 567 3185 Capitolio,
594 3138 818 3183 explicatur,
851 3149 915 3173 cnr
948 3139 1079 3174 diebus

213 3195 356 3231 duobus
388 3196 631 3231 sacrificatum
666 3197 716 3230 sit
754 3207 821 3242 pro
859 3195 989 3231 eadem
1026 3208 1078 3239 re,

214 3254 246 3288 si
272 3254 421 3300 quidem
446 3258 602 3299 utroque
628 3254 711 3289 loco
738 3253 784 3289 de
809 3254 992 3323 triumpho
1018 3255 1079 3299 agi

214 3316 316 3347 recte
342 3312 580 3348 coniecimus.

1239 2328 1268 2371 2)
1294 2328 1341 2363 de
1367 2339 1474 2364 sacro
1498 2329 1569 2364 hoc
1595 2330 1684 2365 nihil
1709 2333 1869 2367 constat.

1242 2388 1269 2431 ³)
1294 2387 1463 2422 turbatus
1497 2399 1582 2422 esse
1616 2388 1764 2424 videtur
1792 2400 1866 2424 uon
1897 2390 2015 2425 miuus

1148 2445 1239 2481 ordo
1271 2456 1456 2480 sacrorum
1495 2457 1603 2491 quam
1636 2447 1719 2493 ipsa
1749 2448 1889 2483 dierum
1921 2448 2015 2483 indi-

1149 2506 1259 2539 catio.
1310 2505 1413 2548 Quae
1448 2505 1545 2539 enim
1569 2506 1665 2541 XIII
1696 2506 1877 2541 kalendas
1902 2507 2016 2543 Iulias

1121 2568 1129 2572 ”
1150 2563 1320 2598 dicuntur
1350 2564 1536 2605 evenisse,
1571 2574 1617 2598 ea
1647 2565 1756 2611 plane
1786 2565 2017 2611 respondent

1150 2622 1267 2656 sacris
1294 2621 1354 2655 die
1380 2622 1497 2656 altero
1522 2622 1559 2656 in
1585 2622 1668 2657 luco
1686 2623 1904 2658 celebratis:
1930 2634 2015 2669 pro-

1148 2679 1322 2725 ponenda
1359 2680 1471 2724 igitur
1510 2684 1615 2715 erant
1659 2684 1746 2716 aute
1788 2692 2015 2716 consumma-

1147 2739 1285 2772 tionem
1319 2738 1416 2772 sacri
1451 2738 1510 2773 die
1549 2739 1642 2773 XIII
1678 2738 1858 2774 kalendas
1889 2740 2016 2775 Iunias

1148 2796 1295 2837 factam,
1320 2807 1388 2842 pro
1413 2795 1549 2842 dieque
1572 2795 1679 2831 XIII
1702 2798 1875 2832 kalendae
1900 2798 2016 2833 Iuliae

1148 2853 1367 2889 scribendus
1398 2853 1479 2889 dies
1516 2853 1646 2887 XIIII
1674 2855 1846 2888 kalendas
1878 2854 2016 2893 Iunias.

1149 2910 1256 2956 Quod
1288 2911 1321 2946 si
1354 2915 1436 2958 quis
1469 2911 1643 2946 audacius
1670 2911 1868 2947 crediderit
1894 2924 2015 2948 emen-

1149 2969 1271 3003 datum
1298 2979 1404 3010 esse,
1434 2969 1469 3003 ei
1502 2973 1566 3003 aut
1598 2968 1831 3004 statuendum
1864 2973 1924 3005 est
1956 2981 2016 3007 sa·

1149 3037 1247 3061 erum
1284 3027 1474 3061 Arvalium
1519 3025 1556 3060 iu
1600 3026 1683 3061 luco
1723 3026 1933 3063 faciendum
1968 3029 2016 3063 ob

1148 3095 1297 3119 causam
1338 3084 1520 3130 quandam
1558 3083 1780 3127 singularem
1829 3085 1875 3119 ad
1919 3086 2017 3122 diem

1148 3153 1264 3188 usque
1290 3142 1387 3176 XIII
1410 3141 1592 3176 kalendas
1618 3141 1731 3177 Iulias
1757 3142 1927 3187 dilatum,
1953 3148 2018 3180 aut

1148 3210 1290 3234 sacrum
1332 3199 1515 3244 quoddam
1557 3203 1662 3234 extra
1701 3199 1864 3236 ordinem
1906 3202 2015 3248 plane

1147 3256 1317 3292 similiter
1342 3257 1566 3291 celebratum
1593 3268 1690 3292 esse.

1683 3371 1748 3414 6*
