2340 3658
277 189 308 214 11
1083 169 1294 204 Exordium·

280 300 363 341 que
402 300 496 328 cum
536 299 713 328 numero
754 286 827 327 illo
865 286 969 328 satis
1013 286 1289 341 conveniunt,
1334 298 1421 339 qua
1469 284 1523 326 de
1569 296 1615 325 re
1651 297 1750 326 mox
1791 283 1930 339 eapite
1974 283 2109 329 tertio,

281 356 483 398 dicemus.

396 425 436 465 2.
498 423 734 476 Collegium
765 422 990 465 Arvalium
1021 435 1104 475 quo
1137 423 1264 465 modo
1296 426 1438 464 aetate
1469 422 1633 464 liberae
1663 421 1726 463 rei
1758 420 1955 476 publicae
1982 419 2101 462 insti-

280 497 415 534 tutum
455 491 581 533 fuerit
618 492 747 546 plane
785 492 1047 544 ignoramus.
1109 490 1317 532 Patricios
1355 504 1449 532 esse
1488 489 1691 532 debuisse
1727 489 1910 531 Arvales
1956 487 2104 530 statuit

279 561 488 602 Marinius
513 559 555 614 ¹),
592 572 731 613 neque
767 563 910 600 tamen
948 557 1147 613 probavit
1166 557 1210 612 ²).
1267 558 1456 613 Septimo
1496 558 1667 599 saeculo
1699 557 1913 599 exoletum
1943 559 1986 597 et
2014 555 2103 598 fere

280 628 486 670 abolitum
518 628 651 669 fuisse
672 627 893 669 Arvalium
926 626 1151 678 collegium
1182 626 1281 667 inde
1313 626 1506 680 efficitur,
1540 626 1656 679 quod
1685 624 1801 680 apud
1832 624 1924 667 eius
1947 624 2101 666 aetatis

281 697 508 751 scriptores
539 696 613 738 vix
642 699 992 737 commemoratur
1010 693 1063 748 ³);
1105 698 1146 736 et
1176 694 1268 735 iure
1295 694 1585 736 Mommsenus
1615 694 1786 736 videtur
1814 692 2048 734 coniecisse
2077 705 2105 733 a

284 765 471 807 Caesare
503 764 711 817 Augusto,
746 777 838 804 cum
870 764 1070 803 nonnulla
1101 777 1154 802 ea:
1185 765 1368 816 antiquis
1400 764 1663 804 caerimoniis
1689 762 1910 814 paullatim
1947 760 2105 801 abolita

283 836 514 875 restitueret
542 832 597 886 4),
644 831 825 873 Arvales
871 844 1041 883 quoque
1088 830 1229 873 denuo
1278 831 1527 873 constitutos
1570 834 1612 872 et
1660 828 1880 871 ordinatos
1932 840 2028 871 esse
2056 827 2103 883 ⁶).

286 901 410 943 Certe
433 900 486 942 ab
511 914 560 941 eo
584 904 773 954 tempore
796 898 965 940 demum
988 902 1084 940 aeta
1106 899 1275 952 collegii
1299 898 1529 953 quotannis
1559 898 1605 939 in
1634 910 1846 939 marmore
1867 897 2105 952 perscripta

285 975 394 1011 sunt.
457 968 813 1020 Antiquissimum
845 966 957 1007 enim
989 966 1103 1019 quod
1135 967 1317 1009 innotuit
1348 971 1539 1009 actorum
1562 966 1845 1019 fragmentum
1867 965 1923 1007 ad
1944 979 2103 1008 annum

285 1037 467 1092 pertinet
511 1050 551 1090 p.
595 1035 638 1076 C.
680 1035 744 1088 14,
793 1034 954 1075 scilicet
992 1034 1192 1076 Caesaris
1230 1035 1416 1088 Augusti
1452 1035 1660 1087 ultimum,
1698 1033 1860 1088 Tiberii
1905 1033 2104 1076 Caesaris

282 1106 476 1160 primum.
541 1105 630 1145 Nec
661 1103 788 1144 facile
820 1106 958 1157 potest
990 1116 1091 1144 casu
1123 1104 1320 1144 effectum
1358 1116 1466 1158 esse,
1499 1107 1545 1145 ut
1575 1102 1809 1157 deperditis
1839 1101 2102 1144 documentis

285 1172 592 1215 vetustioribus
624 1171 718 1212 sola
749 1170 901 1213 aetatis
932 1171 1236 1225 imperatorum
1265 1175 1542 1213 monumenta
1562 1174 1737 1214 servata
1756 1170 1852 1225 sint,
1877 1183 1971 1212 cum
1994 1182 2106 1225 quae

284 1244 455 1295 praeter
495 1243 592 1281 aeta
631 1253 777 1280 annua
815 1239 871 1280 ad
902 1252 980 1280 nos
1012 1243 1301 1293 pervenerunt
1331 1239 1554 1281 Arvalium
1585 1242 1872 1293 monumenta,
1905 1239 1977 1293 qui
2009 1241 2108 1280 sunt

286 1309 384 1350 fasti
417 1308 527 1349 sacri
561 1307 744 1360 fastique
777 1307 935 1361 civiles,
979 1312 1019 1349 et
1051 1307 1148 1362 ipsa
1180 1307 1237 1348 ad
1267 1311 1452 1349 aetatem
1484 1307 1681 1350 Caesaris
1712 1307 1894 1361 Augusti
1924 1307 1984 1348 ita
2013 1319 2106 1362 per-

283 1377 458 1430 tineant,
491 1379 537 1416 ut
576 1376 677 1417 fasti
715 1375 885 1429 quidem
924 1376 1034 1418 sacri
1072 1380 1169 1431 post
1207 1389 1367 1417 annum
1404 1390 1444 1418 u.
1478 1389 1511 1418 c.
1545 1376 1628 1418 742
1658 1379 1758 1417 ante
1799 1389 1839 1417 a.
1871 1376 1950 1418 767
1985 1373 2107 1417 incisi

286 1445 369 1486 sint
390 1444 434 1498 a),
468 1443 809 1496 antiquissimum
842 1448 1005 1499 autem,
1039 1443 1155 1498 quod
1187 1443 1391 1500 supersit,
1424 1445 1633 1486 fastorum
1665 1443 1854 1486 civilium
1894 1442 2106 1496 fragmen-

283 1518 368 1554 tum
416 1511 470 1553 ad
518 1525 675 1552 annum
723 1516 884 1566 spectet
929 1527 969 1553 u,
1018 1526 1051 1554 0.
1092 1512 1187 1554 752.
1267 1512 1388 1562 Quae
1434 1526 1526 1554 cum
1579 1512 1638 1554 ita
1687 1512 1789 1566 sint,
1847 1511 1919 1554 vix
1966 1505 2107 1566 potest

283 1581 459 1622 dubium
478 1593 584 1633 esse,
609 1579 711 1632 quin
732 1580 822 1634 ipse
841 1580 1000 1622 Caesar
1016 1580 1237 1634 Augustus
1262 1580 1491 1634 collegium
1517 1580 1694 1622 fratrum
1716 1579 1939 1622 Arvalium
1966 1578 2106 1621 denuo

284 1647 550 1689 constituerit
571 1652 611 1688 ct
634 1648 941 1703 reformaverit,
970 1662 1108 1702 neque
1129 1648 1220 1691 sine
1241 1648 1542 1703 probabilitate
1564 1648 1725 1690 monuit
1746 1647 2059 1690 Hirschfeldius
2073 1647 2106 1703 ⁷)

283 1730 368 1758 non
400 1720 498 1757 ante
531 1729 689 1757 annum
713 1716 807 1770 742,
832 1730 916 1770 quo
939 1716 1135 1770 Augusto
1157 1716 1429 1772 pontificatus
1451 1716 1662 1759 maximus
1685 1716 1853 1758 delatus
1875 1720 1951 1771 est,
1985 1715 2108 1757 colle-

283 1784 398 1837 gium
439 1783 491 1825 ab
524 1797 572 1824 eo
606 1784 884 1826 instauratum
916 1799 1012 1827 esse
1043 1784 1192 1828 videri.
1254 1786 1318 1827 Ex
1350 1799 1400 1828 eo
1432 1785 1532 1828 inde
1562 1788 1755 1839 tempore
1785 1788 1847 1826 tot
1876 1788 2105 1838 tantaeque

284 1848 427 1894 00111111
462 1856 651 1894 actorum
683 1857 914 1908 supersunt
941 1853 1163 1907 reliquiae,
1202 1858 1246 1895 ut
1279 1853 1332 1896 de
1366 1853 1596 1896 Arvalibus
1634 1866 1866 1907 eorumque
1903 1851 2104 1894 caerimo-

282 1920 366 1961 niis
399 1920 528 1961 multo
561 1921 729 1975 plenius
761 1934 889 1974 quam
922 1921 977 1962 de
1006 1921 1094 1963 ullo
1117 1922 1203 1964 alio
1228 1922 1470 1964 sacerdotio
1493 1922 1633 1965 edocti
1655 1921 1798 1963 simus.
1849 1921 2103 1975 Priusquam

284 1993 423 2030 autem
473 1989 727 2031 accedamus
767 1989 822 2030 ad
861 1990 956 2044 ipsa
996 2003 1141 2031 eorum
1178 1994 1275 2033 aeta
1312 1989 1585 2044 illustranda,
1626 1990 1680 2032 de
1722 1989 1905 2043 collegio
1943 2002 2101 2043 eorum,

284 2057 421 2110 deque
460 2058 678 2111 magistris
718 2062 758 2100 et
795 2058 1019 2113 ministris,
1061 2058 1115 2100 de
1146 2058 1242 2100 luco
1274 2058 1460 2113 denique
1492 2072 1614 2101 sacro
1645 2059 1864 2112 sacrisque
1895 2056 2104 2100 aedificiis

284 2139 422 2180 pauca
452 2127 788 2180 praemittemus.

380 2252 402 2296 ¹)
431 2254 515 2287 Arv.
550 2263 583 2297 p.
613 2252 748 2293 XVH3
787 2253 832 2286 ef.
867 2252 1086 2297 Marquardt
1115 2254 1156 2289 R.
1227 2254 1364 2299 probat
1382 2253 1552 2298 plebeios
1579 2251 1681 2287 adid
1702 2251 1950 2287 sacerdotium
1969 2250 2102 2286 admis-

284 2312 325 2343 A.
351 2311 374 2345 4
400 2322 434 2356 p.
453 2311 532 2346 496.
1228 2324 1292 2347 sos
1322 2323 1418 2348 esse.

378 2368 404 2411 ²)
426 2369 470 2402 cf.
486 2369 689 2402 Mommsen
707 2370 746 2401 R.
759 2369 1009 2414 Forsclzzmyen
1024 2371 1040 2404 l
1057 2371 1156 2414 p.79.

379 2426 406 2470 3)
437 2426 621 2471 Tempore
641 2427 781 2460 liberae
804 2427 856 2461 rei
872 2427 1044 2472 publicae
1060 2439 1156 2462 com·

286 2488 534 2518 memorantur
560 2496 581 2518 a
608 2485 687 2519 solo
715 2486 884 2519 Varrone
917 2486 953 2519 in
980 2485 1084 2520 libris
1111 2485 1156 2519 de

285 2543 410 2586 lingua
443 2543 581 2576 Latina
617 2542 730 2576 editis
764 2543 859 2581 inter
897 2555 928 2577 a.
956 2545 1156 2579 708-711

285 2600 322 2643 (1.
338 2604 403 2641 e.);
420 2601 466 2634 ct'.
483 2599 700 2644 Marquardt
717 2601 758 2633 R.
775 2602 817 2634 A.
833 2601 856 2635 4
874 2612 908 2646 p,
922 2602 991 2637 468
1006 2613 1038 2635 n.
1051 2603 1155 2638 2784.

284 2658 463 2692 Nummos
502 2659 547 2692 D.
586 2658 691 2692 Bruti
726 2659 867 2701 (Cohen
902 2660 977 2693 tab.
1005 2661 1155 2694 XXXV

286 2716 478 2750 Postumia
502 2718 558 2758 10)
595 2720 632 2750 et
662 2717 836 2750 Mussidii
863 2718 985 2762 Longi
1013 2718 1156 2760 (Cohen

285 2775 358 2807 tab.
386 2774 513 2807 XXIX
540 2774 723 2809 Mussidia
748 2776 784 2817 2)
819 2786 976 2810 coronas
1009 2779 1046 2811 et
1080 2777 1155 2822 spi-

287 2842 349 2865 cas
392 2832 572 2866 habentes
624 2843 706 2866 num
756 2837 857 2867 recte
908 2833 953 2866 ad
998 2834 1155 2869 Arvales

285 2889 469 2923 rettulerit
497 2890 726 2934 Borghesius
755 2892 849 2934 (opp.
871 2891 899 2932 Ι,
918 2892 1002 2934 376)
1029 2904 1155 2937 purum

286 2951 453 2988 eonstat3
487 2951 685 2993 potuerunt
725 2949 819 2982 enim
861 2960 926 2983 eae
963 2950 1072 2983 etiam
1107 2951 1154 2984 ob

285 3005 377 3039 alias
398 3016 531 3039 causas
552 3006 587 3040 in
604 3008 759 3040 nummis
781 3009 1066 3052 repraesentari,
1087 3019 1156 3043 1100

286 3063 378 3097 satis
408 3063 587 3097 credibile
616 3067 675 3098 est
693 3064 942 3098 sacerdotium
961 3077 1005 3099 ea
1031 3069 1155 3101 aetate

286 3131 411 3166 parum
448 3120 590 3155 illustre
618 3122 670 3155 ita
704 3121 738 3156 in
771 3124 925 3157 nummis
953 3123 1157 3167 significari

286 3183 326 3212 ut
358 3178 613 3223 pontificatum
648 3182 685 3213 et
711 3184 936 3224 auguratum.
990 3181 1097 3225 Quod
1124 3183 1157 3216 si

287 3247 408 3269 verum
449 3236 542 3270 vidit
576 3237 822 3281 Borgliesius,
851 3240 950 3284 prior
990 3250 1154 3276 nummus

1322 2372 1350 2414 ⁴)
1381 2370 1531 2405 Sueten.
1559 2372 1648 2414 Any.
1676 2370 1732 2404 31.

1321 2430 1348 2470 ⁵)
1375 2429 1443 2462 Res
1474 2436 1590 2473 ,qestae
1623 2429 1698 2461 divi
1731 2428 1882 2471 Anqusti
1914 2437 1948 2472 p.
1976 2427 2029 2462 19.
2059 2447 2101 2452 —

1229 2488 1368 2522 Caesar
1386 2487 1580 2530 Augustus
1597 2485 1730 2531 quibus
1745 2484 1950 2519 rationibus
1967 2484 2100 2519 ductus

1227 2550 1301 2580 tam
1338 2542 1530 2579 Arvalium
1572 2543 1789 2588 collegium,
1828 2554 1934 2588 quam
1975 2546 2102 2578 cetera

1228 2603 1442 2638 sacerdotia
1473 2602 1744 2643 reformaverit,
1779 2601 1954 2646 exposuit
1988 2600 2100 2636 etiam

1229 2661 1439 2697 Sehoellius
1472 2661 1690 2695 Grenzboten
1717 2661 1807 2695 1869
1833 2670 1869 2704 p.
1888 2659 1968 2694 486.

1323 2721 1349 2762 ⁶)
1385 2719 1430 2755 ef.
1472 2718 1567 2753 infra
1606 2718 1652 2752 ad
1699 2719 1818 2752 fastos
1870 2727 2018 2758 sacros,
2064 2719 2102 2750 et

1227 2779 1332 2813 Scavz·
1357 2779 1417 2812 nel
1443 2780 1539 2812 bosco
1566 2790 1666 2811 sacro
1693 2779 1763 2811 cet.
1791 2787 1826 2820 p.
1845 2776 1901 2811 83.

1321 2837 1347 2879 ⁷)
1375 2837 1395 2871 l.
1430 2847 1461 2871 0.
1509 2835 1611 2870 Idem
1646 2833 1745 2879 quod
1778 2834 1861 2878 ipso
1897 2843 1994 2867 anno
2033 2834 2100 2868 752

1227 2895 1386 2929 Arvales
1420 2894 1638 2928 reformatos
1674 2902 1758 2925 esse
1785 2891 1964 2933 coniecit,
2001 2891 2099 2936 quod

1228 2953 1273 2986 ab
1306 2964 1350 2986 eo
1381 2951 1465 2986 inde
1498 2962 1594 2985 anuo
1630 2949 1813 2994 incipiunt
1847 2949 1934 2983 fasti
1970 2949 2100 2983 civiles

1227 3010 1336 3044 nobis
1364 3010 1519 3051 servati,
1557 3008 1591 3043 id
1620 3009 1707 3042 mihi
1735 3007 1881 3052 quidem
1910 3007 2017 3042 nimis
2045 3007 2097 3042 iu-

1226 3071 1364 3102 certum
1391 3067 1536 3102 videtur
1564 3078 1668 3108 esse,
1708 3078 1787 3101 cuin
1821 3066 1958 3111 pagiua
1982 3066 2100 3111 prima

1226 3126 1401 3160 interisse
1427 3125 1562 3171 possit.
1605 3124 1780 3159 Dicemus
1809 3123 1854 3158 de
1883 3134 1927 3158 ea
1946 3134 1984 3158 re
2004 3123 2100 3158 infra

1226 3183 1273 3218 ad
1302 3184 1420 3218 fastos
1447 3184 1563 3229 ipsos.
