2340 3658
298 230 322 255 L
1093 211 1133 247 O.
1161 210 1309 247 Caesar.

1096 325 1301 370 Traditur:

305 484 1332 498 ·························

362 512 501 557 adfuit
531 513 585 554 Μ.
618 512 780 553 Ennius
811 511 1060 554 Vinicianus

571 569 614 610 in
646 568 856 624 Capitolio

362 627 646 683 promagistro
677 626 912 680 magisterii

364 684 581 727 fraterculi
614 684 781 738 conlegi
811 682 987 724 fratrum
1018 682 1151 724 Arva-

363 743 466 784 lium
499 742 551 783 ob
583 742 770 783 natalem
802 739 1045 783 Germanici
1349 740 1384 782 L
1417 774 1425 783 .
1459 774 1468 782 .
1501 773 1510 782 .
1545 774 1553 782 .
2158 757 2174 782 ⁵

305 801 397 844 Iovi
429 801 580 842 bovem
609 812 781 852 marem,
813 797 967 841 Iunoni
997 809 1171 840 vaccam
1457 799 1574 841 Taur

573 856 809 898 immolavit
1479 855 1523 898 M

307 917 361 958 M.
396 915 560 957 Ennius
592 914 850 967 Vinicianus,
883 914 937 956 Μ.
971 912 1135 967 Silanu,
1169 911 1212 956 C.
1246 911 1431 956 Caecina

366 974 545 1027 Largus,
579 973 707 1014 Taur.
740 970 932 1014 Statilius
963 969 1182 1014 Corvinus.

576 1029 606 1071 k
809 1029 927 1071 Iunis
1651 1051 1657 1058 ·
1787 1038 1791 1042 ‘
2147 1038 2179 1064 ιι)

368 1087 506 1130 adfuit
535 1102 612 1143 pro
645 1087 849 1141 magistro
880 1086 1102 1140 magisteri

369 1145 584 1187 fraterculi
617 1147 781 1201 conlegi
813 1144 991 1186 fratrum
1023 1145 1098 1187 Ar—

369 1203 527 1246 valium
560 1204 731 1246 nomine
763 1201 819 1247 ad
850 1202 973 1244 (leam
1003 1203 1129 1245 Diam
1159 1215 1333 1245 vaccam

577 1262 824 1304 immolavit.
1094 1259 1324 1302 adfuerunt

647 1321 747 1375 imp.
781 1321 940 1364 Caesar
970 1317 1081 1371 Aug.
1113 1318 1392 1361 Germanicus
2152 1325 2183 1351 1⁵

311 1378 355 1421 C.
391 1377 574 1422 Caecina
601 1379 780 1432 Largus,
811 1379 979 1420 Taurus
1009 1375 1200 1419 Statilius

370 1435 589 1489 Corvinus,
621 1437 677 1479 M.
709 1435 872 1478 Ennius
903 1434 1165 1489 Vinicianus,
1199 1433 1243 1478 C.

371 1493 626 1549 Calpurnius
658 1493 770 1548 Piso,
804 1493 858 1535 M.
890 1491 1075 1534 Silanus.

581 1565 621 1593 n.
654 1552 745 1593 Iun.
779 1551 823 1593 in
856 1550 1068 1605 Capitolio

317 1609 456 1652 adfuit
484 1623 562 1664 pro
594 1609 796 1662 magistro
828 1606 1065 1661 magisterii
2156 1619 2192 1644 20

373 1667 589 1709 fraterculi
622 1666 790 1720 conlegi
821 1665 1000 1708 fratrum

374 1725 519 1767 Arval.
552 1725 723 1767 nomine
755 1724 807 1766 ob
838 1723 1025 1766 natalem

375 1783 614 1825 Germanic.
647 1781 757 1836 Aug.
790 1781 884 1824 Iovi
914 1781 1067 1823 bovem
1098 1793 1259 1823 marem

379 1840 531 1881 lunoni
562 1853 747 1894 vaccam,
780 1839 1000 1880 Minervae
1031 1851 1218 1881 vaccam.

322 1897 550 1940 adfuerunt
579 1897 623 1940 C.
658 1896 843 1940 Caecina
873 1897 1053 1950 Largus,
1086 1896 1140 1937 M.
1173 1895 1357 1950 Silanus,
2159 1914 2192 1940 25

380 1956 433 1997 M.
466 1955 629 1998 Ennius
659 1954 923 2007 Vinicianus,
957 1954 1001 1996 C.
1035 1952 1291 2009 Calpurnius
1323 1953 1422 1995 Piso

384 2043 1199 2055 οοοοοοοοοοοοοοοοοοοο

704 2093 910 2127 Marmorea
934 2092 1062 2127 tabula
1087 2091 1240 2128 effracta
1264 2092 1300 2126 in
1327 2091 1481 2126 aedibus
1508 2092 1738 2127 Coritiorum.

397 2154 506 2190 Solus
522 2152 683 2188 servavit
698 2151 935 2187 Donius9.29
951 2150 1050 2194 (inde
1064 2151 1195 2185 Murat.

322 2205 401 2245 585,
427 2205 446 2238 1
473 2205 511 2236 et
535 2201 665 2235 Marini
692 2199 766 2234 tab.
790 2198 917 2241 VIII),
946 2198 1006 2243 qui
1033 2199 1197 2244 repperit

323 2253 359 2286 in
384 2261 449 2285 ms.
476 2249 724 2282 bibliothecae
751 2246 919 2281 Stroziae
946 2246 1195 2280 Florentinae.

417 2298 580 2331 Pertinet
599 2296 838 2339 fragmentum
856 2293 903 2327 ad
922 2304 1051 2327 annum
1070 2296 1193 2339 poste-

324 2347 455 2379 riorem
487 2354 582 2378 anno
608 2344 663 2384 38,
700 2352 774 2386 quo
805 2341 950 2375 Annius
983 2341 1194 2375 Vinicianus

326 2394 417 2426 inter
450 2391 607 2425 Arvales
649 2392 840 2434 cooptatus
882 2391 938 2422 est
974 2387 1032 2424 (cf.
1067 2399 1096 2422 a.
1123 2388 1194 2429 38³,

326 2441 481 2485 priorem
531 2448 623 2472 anno
657 2438 719 2478 41,
767 2446 837 2480 quo
885 2435 1098 2469 interfectus
1140 2438 1196 2468 est

328 2487 368 2523 O.
397 2485 544 2521 Caesar.
596 2484 746 2519 Sacrum
773 2481 960 2517 Arvalium
987 2483 1023 2516 in
1050 2482 1133 2516 luco
1158 2481 1196 2515 fit

327 2545 358 2568 a.
379 2533 413 2567 d.
432 2533 508 2567 1111
526 2531 701 2566 kalendas
720 2530 858 2564 Iunias:
886 2530 1008 2575 itaque
1024 2529 1195 2573 probabi-

328 2581 409 2615 liter
434 2578 663 2614 referendum
692 2581 747 2612 est
773 2576 819 2611 ad
846 2587 877 2610 a.
896 2577 960 2619 4o;
993 2577 1039 2611 cf.
1060 2576 1104 2610 de
1124 2576 1196 2610 fra-

327 2632 417 2662 trum
446 2626 632 2661 Arvalium
664 2635 769 2659 sacro
797 2634 916 2658 annuo
942 2635 976 2669 p.
995 2625 1017 2660 3
1040 2634 1117 2668 seq.
1154 2643 1193 2647 -

328 2675 587 2719 Fragmentum
623 2676 678 2706 est
703 2671 811 2706 valde
843 2671 1002 2705 mutilum
1029 2674 1064 2705 et
1087 2670 1197 2705 foede

330 2721 606 2768 interpolatum:
627 2723 734 2764 atque
758 2720 794 2753 in
816 2730 872 2752 vv.
889 2717 1032 2763 quidem
1044 2718 1198 2753 1.11.20

330 2769 479 2804 verbum
506 2769 636 2810 adfuit.
662 2768 698 2801 in
725 2778 779 2801 vv,
807 2768 924 2799 autem
951 2766 982 2800 3.
999 2766 1032 2800 4.
1060 2766 1114 2800 11.
1142 2765 1198 2800 12.

330 2819 383 2853 20.
403 2818 445 2851 21
479 2815 592 2850 verba
624 2815 818 2859 mayisterii
841 2813 1037 2857 fraterculi
1061 2815 1198 2846 temere

330 2863 455 2898 addita
485 2873 570 2898 esse
604 2862 710 2896 facile
745 2862 915 2906 apparet:
947 2870 1065 2904 neque
1105 2859 1198 2893 enim

331 2912 364 2945 in
392 2911 486 2945 actis
514 2909 699 2944 Arvalium
733 2919 813 2943 cum
837 2906 941 2941 titulo
967 2907 1198 2952 promagistri

332 2958 562 3002 coniungitur
578 2956 728 2991 verbum
747 2956 953 3000 maqisterii,
972 2956 1007 2987 et
1024 2954 1198 2997 magistro

331 3006 436 3039 huius
483 3005 566 3039 anni
597 3003 812 3038 Fraterculo
847 3011 1050 3046 cognomen
1085 3001 1198 3035 fuisse

333 3052 642 3096 audacius'‘quam
669 3051 790 3086 verius
817 3049 1028 3094 suspicatus
1047 3051 1103 3082 est
1120 3047 1198 3081 Ma·

333 3100 447 3133 rinius
474 3100 521 3143 (p.
541 3100 611 3139 69).
641 3119 680 3123 -
716 3098 772 3132 De
805 3097 922 3130 forma
946 3094 1081 3141 lapidis
1108 3094 1200 3128 haec

334 3146 441 3180 nobis
474 3145 638 3180 videmur
669 3144 829 3180 assecuti
864 3153 961 3177 esse.
1011 3142 1072 3176 Ab
1098 3142 1200 3176 initio

335 3193 462 3227 decem
495 3203 663 3227 versuum
695 3193 852 3238 priorum
887 3189 1061 3225 nonnulla
1105 3189 1202 3223 exci-

336 3240 481 3274 derunt:
522 3240 651 3274 desunt
692 3240 785 3274 enim
824 3249 857 3272 v.
884 3239 902 3272 1
940 3247 1071 3271 nomen
1108 3236 1200 3270 alius

337 3287 524 3321 cuiusdam
550 3287 692 3322 Arvalis
727 3287 787 3331 qui
819 3285 931 3320 adfuit
964 3287 1110 3330 praeter
1134 3283 1200 3318 Vi-

337 3335 537 3375 nicianum,
570 3346 601 3370 v.
620 3335 642 3369 2
668 3337 753 3369 nota
778 3332 851 3367 diei
883 3342 955 3378 quo
980 3330 1202 3365 immolatum

338 3384 412 3425 est,
445 3382 466 3417 3
498 3392 627 3417 nomen
660 3380 910 3429 promugistri,
940 3379 962 3417 5
987 3378 1202 3415 vocabulum

1262 2152 1413 2193 nomine,
1440 2152 1461 2187 6
1486 2162 1616 2186 nomen
1644 2150 1817 2192 Caesaris,
1851 2151 1871 2186 7
1897 2152 2032 2186 mentio
2058 2152 2132 2186 Mi-

1262 2210 1402 2240 nervae,
1428 2199 1450 2234 8
1469 2199 1616 2233 verbum
1642 2198 1846 2242 adfuerunt,
1873 2199 1920 2234 10
1935 2201 2021 2233 nota
2046 2198 2132 2233 diei.

1263 2244 1400 2280 Contra
1430 2246 1467 2279 in
1498 2246 1542 2280 iis
1575 2245 1635 2291 qui
1672 2247 1872 2290 sequuntur
1903 2245 2006 2280 initio
2033 2245 2131 2281 desi·
2171 2250 2178 2259 ·

1264 2292 1409 2327 deratur
1449 2293 1554 2332 nihil;
1610 2303 1692 2326 nam
1735 2293 1901 2337 exceptis
1947 2292 2133 2328 erroribus

1264 2339 1479 2385 quibusdam
1505 2340 1654 2374 minoris
1681 2340 1853 2374 momenti
1880 2339 2003 2374 verbis
2028 2341 2133 2375 divae

1264 2388 1451 2421 Drusillae
1484 2390 1520 2421 et
1551 2387 1744 2422 ivnmolavit
1775 2386 1812 2420 in
1843 2385 1915 2420 fine
1948 2397 2006 2422 vv.
2022 2387 2069 2422 22
2095 2391 2133 2422 et

1263 2434 1310 2470 24
1335 2434 1490 2469 adiectis
1509 2445 1575 2480 per
1593 2445 1648 2469 VV.
1667 2434 1804 2469 12-18
1822 2436 1857 2467 et
1874 2434 2013 2469 21-26
2037 2433 2132 2469 bene

1265 2481 1432 2528 procedit
1448 2482 1574 2523 oratio,
1594 2491 1760 2526 quaeque
1779 2491 1834 2516 vv.
1849 2481 1903 2516 11.
1922 2480 1977 2516 12.
1997 2481 2134 2517 19-21

1266 2530 1383 2563 minus
1418 2532 1517 2563 recte
1549 2529 1732 2572 leguntur,
1774 2537 1819 2562 ea
1858 2530 1939 2562 orta
1970 2531 2054 2563 sunt
2089 2538 2134 2563 ex

1265 2576 1551 2622 interpolatione
1596 2574 1721 2621 paullo
1762 2577 1846 2609 ante
1884 2577 2021 2610 notata.
2084 2575 2136 2610 Et

1266 2623 1414 2658 verbum
1442 2622 1589 2668 quidem
1615 2623 1733 2668 adfuit
1757 2633 1812 2656 vv.
1833 2622 1874 2657 11
1903 2624 1938 2656 et
1962 2621 2007 2658 21
2034 2623 2134 2668 posi-

1266 2674 1339 2704 tum
1379 2669 1523 2705 videtur
1567 2669 1651 2704 loco
1690 2669 1847 2703 nominis
1889 2669 2135 2714 promagistri‚

1268 2716 1364 2763 quod
1390 2718 1507 2763 ipsum
1534 2716 1571 2751 in
1590 2715 1711 2762 lapide
1729 2716 1900 2762 perierat.
1941 2715 1991 2752 Ut
2015 2719 2134 2752 autem

1266 2766 1414 2811 periret,
1440 2765 1500 2800 vix
1524 2766 1667 2809 poterat
1691 2763 1779 2806 fieri,
1806 2763 1878 2798 nisi
1905 2763 1952 2798 de
1978 2762 2135 2799 consilio

1268 2812 1427 2846 deletum
1460 2814 1546 2846 erat.
1597 2810 1702 2854 Quod
1739 2812 1769 2844 si
1802 2821 1925 2846 verum
1960 2814 2036 2854 est,
2062 2821 2136 2846 non

1268 2860 1347 2894 sine
1381 2858 1636 2905 probabilitate
1669 2868 1800 2892 nomen
1837 2857 1888 2892 ibi
1926 2858 2138 2892 restituetur

1269 2907 1316 2942 M.
1334 2906 1434 2940 Furii
1454 2905 1595 2941 Camilli
1622 2905 1868 2947 Scriboniani,
1896 2905 1956 2950 qui
1980 2905 2017 2940 in
2043 2905 2137 2941 actis

1269 2965 1300 2988 a.
1326 2955 1372 2990 38
1395 2954 1487 2988 inter
1500 2952 1659 2987 Arvales
1685 2963 1799 2998 saepe
1825 2955 2137 2987 commemoratur.

1268 3003 1304 3035 Is
1330 3011 1410 3035 cum
1437 3010 1532 3035 anno
1549 3000 1595 3035 42
1619 3000 1655 3034 in
1674 2999 1859 3034 Dalmatia
1883 3002 2011 3034 contra
2027 2997 2136 3035 Glau-

1270 3047 1366 3082 dium
1386 3047 1602 3083 seditionem
1621 3047 1809 3088 movisset,
1834 3046 2051 3081 interfectus
2074 3057 2138 3082 no-

1269 3106 1424 3141 menque
1457 3095 1534 3129 eius
1562 3105 1581 3129 e
1607 3093 1766 3140 publicis
1792 3093 2033 3128 monumentis
2058 3104 2138 3128 era·

1271 3153 1348 3177 sum
1376 3145 1431 3177 est
1459 3141 1518 3187 (cf.
1545 3141 1591 3177 ad
1617 3152 1649 3176 a.
1674 3142 1719 3177 37
1753 3143 1788 3175 et
1818 3139 1929 3174 index
1960 3149 2138 3187 persona-

1270 3189 1373 3233 rum).
1425 3189 1532 3234 Quod
1582 3198 1798 3234 quamquam
1837 3187 2044 3232 neglectum
2082 3189 2140 3222 est

1271 3238 1307 3271 in
1333 3237 1427 3271 actis
1454 3247 1485 3271 a.
1511 3237 1568 3279 38,
1594 3236 1654 3271 vix
1681 3236 1826 3281 poterat
1850 3245 1922 3269 non
1947 3233 2044 3277 fieri,
2077 3233 2139 3269 ubi

1273 3283 1447 3319 Camillus
1472 3285 1553 3329 ipse
1572 3282 1805 3318 caerimoniis
1824 3281 2073 3328 praesederat.
2093 3300 2138 3306 —

1272 3331 1396 3366 Verba
1419 3331 1614 3376 maqisterii
1629 3329 1825 3375 fraterculi
1849 3328 1944 3364 undo
1963 3329 2137 3374 originem

1271 3378 1457 3422 traxerint,
1484 3387 1609 3424 parum
1635 3376 1761 3422 liquet.
