2340 3658
949 185 1066 220 Index
1091 185 1237 220 Rerum.

190 300 415 337 Minerva:
460 311 570 336 sacra
605 301 640 336 ei
675 301 767 336 fiunt
801 300 931 336 eadem
967 311 1062 346 quae

237 358 384 401 Iunoni,
409 358 472 394 ubi
496 359 595 394 vide.

187 417 318 453 Mola
342 418 398 453 92.

188 521 386 558 Natales
413 523 694 570 principum:
729 523 777 558 ob
804 534 868 558 eas
895 523 1058 558 immola-

234 584 295 618 tur
318 582 406 618 Iovi
439 593 473 617 o.
498 593 544 616 m.
575 583 632 623 56,
659 601 701 607 -—
748 581 827 616 Iovi
859 592 892 616 o.
917 592 978 624 m,
1010 581 1058 616 ad

234 650 333 675 aram
359 641 484 685 gentis
508 640 625 676 Iuliae
642 640 700 683 57,
726 659 767 665 -
794 640 887 682 Iovi,
912 640 1057 682 Iunoni,

233 697 424 734 Minervae
451 700 540 741 ihd.;
567 690 608 724 '-
642 698 826 734 accedunt
851 698 961 733 Salus
990 709 1055 744 pu-

232 755 334 791 blica
358 762 398 791 et
422 756 668 798 Concordia3·
688 756 799 792 Salus
831 756 983 803 publica
1019 759 1057 791 et

232 815 366 860 genius
382 815 638 862 imperatoris}
657 814 766 850 Salus
779 815 941 861 publica,
958 814 1054 851 Con-

233 866 361 908 cordia
386 873 537 909 honoris
564 874 808 920 Agrippinae,
835 873 965 917 genius
990 872 1056 907 im-

230 933 435 978 peratoris;
474 932 584 968 Salus
622 931 790 978 publica,
834 931 1055 973 Concordia,

231 991 364 1036 genius
388 991 623 1036 imperatoris
642 991 716 1024 ibd.
743 1009 783 1014 —
813 990 1056 1026 celebrantur

230 1048 376 1084 natales
402 1049 477 1084 divi
494 1049 658 1092 Augusti
676 1049 722 1083 51
749 1047 939 1093 (desinunt
955 1047 1053 1082 cele-

230 1107 327 1142 brari
346 1113 430 1154 post
447 1111 609 1144 aetatem
628 1108 773 1144 Claudii
790 1106 897 1152 iba.);
923 1106 1053 1149 Iuliae,

230 1169 367 1212 postea
402 1165 511 1202 divae
542 1169 735 1213 Augustae
766 1168 812 1202 51
836 1166 883 1201 52
907 1164 1052 1206 XLIII;

230 1223 288 1258 Ti.
307 1223 482 1260 Caesaris
494 1226 652 1271 Augusti
665 1227 727 1267 523
752 1225 941 1260 Antoniae
958 1225 1050 1268 Aug.

228 1283 319 1328 ibd.;
350 1283 558 1319 Germanici
586 1283 761 1320 Caesaris
785 1284 878 1324 ibcl.;
912 1282 1050 1327 Agrip-

228 1341 341 1388 pinae
366 1342 577 1377 Germanici
597 1342 771 1378 Caesaris
795 1343 861 1382 53;
888 1341 928 1377 C.
955 1340 1049 1376 Cae-

228 1401 325 1436 saris
352 1403 443 1446 Aug.
476 1403 567 1442 Hui-3
605 1401 651 1435 Ti
684 1400 829 1437 Claudii
862 1399 1050 1441 Caesaris,

227 1459 291 1504 qui
314 1463 450 1505 postea
474 1460 669 1506 imperavit
692 1460 782 1500 ibd.;
814 1459 931 1494 Divae
957 1459 1049 1493 Dru-

226 1516 348 1559 sillae,
373 1517 433 1551 vel
453 1518 662 1554 Caesonine
688 1517 729 1552 C.
748 1517 923 1553 Caesaris
947 1518 1048 1560 Aug.

228 1576 317 1615 ibam
334 1576 561 1622 Agrippinae
578 1577 675 1621 Aug.
694 1577 786 1616 ibd.;
804 1575 967 1610 Neronis
985 1575 1051 1615 54;

226 1633 375 1669 Vitellii
403 1636 495 1676 ibd.;
531 1635 704 1670 Galeriae
735 1635 876 1669 Vitellii
906 1635 975 1668 iba.
1002 1653 1047 1659 -

226 1691 375 1728 Natalis
387 1692 639 1739 divi-Augusti
654 1694 862 1728 celebratur
869 1692 983 1727 biduo
990 1695 1047 1728 51.

223 1770 270 1776 —
284 1749 444 1786 Natales
462 1763 536 1787 uon
554 1752 676 1787 solent
689 1752 870 1787 celebrari
893 1752 965 1787 nisi
979 1752 1046 1786 im—

227 1811 436 1856 peratorum
462 1814 502 1845 et
536 1811 730 1855 coniugum
762 1820 906 1851 eorum3
948 1810 1045 1845 cele-

226 1868 376 1903 brantur
406 1871 529 1904 tamen
561 1869 672 1903 etiam
699 1868 813 1903 Iuliae
850 1869 1046 1913 Augustae

225 1930 264 1962 et
288 1927 532 1973 Agrippinae,
554 1926 641 1962 item
658 1927 877 1974 propinquis
892 1927 933 1963 C.
952 1928 1044 1962 Cae-

224 1984 321 2020 saris
336 1985 500 2030 Augusti
512 1985 577 2028 543
593 1985 737 2020 -inde
750 1985 797 2020 ab
815 1989 940 2020 aetate
958 1986 1043 2021 Fla-

222 2044 362 2078 viorum
388 2043 424 2078 in
455 2047 542 2078 acta
574 2043 763 2078 Arvalium
788 2044 917 2079 referri
943 2044 1042 2079 desi-

226 2106 317 2136 nunt
340 2103 413 2136 iba.

174 2159 422 2202 Nationes,
449 2170 543 2206 quae
569 2160 638 2195 sub
657 2160 802 2196 dicione
820 2162 949 2209 populi
966 2163 1040 2198 Ro·

222 2218 318 2253 mani
356 2221 461 2260 sunt,
503 2223 833 2262 commemorantur
869 2221 907 2256 in
945 2222 1042 2256 votis

220 2277 351 2312 annuis
377 2277 513 2312 aetatis
539 2278 760 2323 posterioris
787 2279 867 2314 103.

171 2335 419 2382 Neptunus
455 2339 609 2382 pater:
647 2339 771 2371 votum
814 2347 882 2382 pro
919 2337 1042 2373 reditu

219 2393 372 2429 Traiani
403 2393 451 2428 ab
483 2393 720 2440 expeditione
747 2394 887 2429 Dacica
917 2396 1040 2441 priore

220 2452 300 2488 124.

170 2509 461 2552 Nicomedia,
487 2510 642 2546 hiberna
669 2510 847 2545 Antonini
867 2510 998 2547 Severi
1018 2513 1040 2547 f.

170 2626 207 2663 N
214 2569 313 2662 diuza
342 2627 445 2672 fruge
471 2626 563 2662 deos
589 2627 901 2663 colere-instituit
929 2629 987 2665 14.

171 2732 391 2768 Officium
415 2732 606 2769 Arvalium
631 2733 687 2768 28.

171 2790 324 2827 Ollae:
349 2794 550 2837 precantur
574 2802 639 2826 eas
658 2791 819 2826 Arvales
844 2793 889 2827 26
913 2793 977 2833 27;
996 2812 1039 2818 —

216 2860 284 2895 per
314 2849 447 2884 clivum
482 2849 625 2884 iactant
660 2850 751 2890 ilum
778 2869 821 2875 -—
860 2850 907 2885 de
938 2851 1039 2886 cult-u

217 2907 369 2943 ollarum
394 2908 451 2943 30.

170 2966 432 3012 Ollicoqua
461 2978 494 3000 v.
519 2966 769 3002 aulicocta.

170 3023 383 3070 Olympus
409 3034 490 3060 cum
515 3025 664 3069 Marsya
687 3026 724 3059 in
751 3025 860 3060 anulo
887 3026 1037 3062 Traiani

214 3085 518 3128 repraesentatus
543 3084 612 3119 153
636 3084 715 3118 156.

170 3138 256 3175 Ora
265 3141 431 3176 torium
449 3151 472 3175 a
493 3141 655 3176 Damaso
668 3152 767 3188 papa
785 3142 927 3177 sanctis
942 3153 1034 3177 mar-

214 3199 355 3244 tyribus
376 3198 582 3245 Simplicio,
599 3199 793 3241 Faustino,
822 3200 980 3234 Viatrici
998 3201 1034 3235 in

223 3256 308 3292 luco
331 3257 521 3292 Arvalium
546 3255 707 3292 dicatum
733 3257 829 3293 XVI
852 3257 980 3293 XVII.

1914 187 1997 229 213

1131 300 1254 336 Ordo
1288 300 1325 335 in
1354 300 1472 336 sacris
1498 299 1690 335 Arvalium
1722 311 1745 335 a
1770 300 1919 335 Nerone
1945 301 1999 335 in-

1176 369 1317 401 versus,
1343 369 1366 393 a
1390 357 1630 405 Vespasiano
1655 359 1849 393 restitutus
1873 359 1907 393 4.

1127 463 1385 499 Palatium:
1417 464 1454 498 in
1474 483 1515 489 —
1534 463 1571 498 in
1597 463 1761 498 divorum
1777 464 2000 499 conveniunt

1174 522 1334 557 Arvales
1354 521 1387 556 V
1406 521 1476 564 413
1494 522 1669 567 templum
1684 532 1816 557 novum
1834 523 1869 556 in
1884 542 1928 547 —
1941 524 1997 558 55.

1127 580 1160 614 P
1171 580 1214 615 al
1224 591 1336 615 mae:
1358 579 1585 615 honorantur
1601 580 1648 615 iis
1665 580 1828 615 victores
1845 581 1883 615 in
1900 579 1997 615 ludis

1152 649 1157 651 ·
1173 638 1405 674 circensibus
1430 639 1477 673 36
1500 639 1547 674 38
1570 639 1627 674 39.

1126 697 1281 731 Panes
1306 696 1513 731 laureati
1538 709 1572 732 v.
1597 697 1818 732 laureati.

1125 755 1277 789 Panth
1290 765 1404 789 eum:
1442 756 1667 790 conveniunt
1695 755 1734 789 in
1766 764 1812 790 eo
1836 753 1996 789 Arvales

1173 813 1220 848 ob
1246 812 1486 847 indictionem
1514 813 1686 848 sacrificii
1712 813 1821 848 annui
1845 814 1880 848 5.

1123 872 1155 906 P
1167 882 1222 917 ap
1232 871 1244 905 i
1254 871 1266 906 l
1276 871 1309 906 li
1319 881 1342 905 o
1366 871 1534 916 magistri
1557 871 1748 906 Arvalium
1773 872 1819 906 21
1844 872 1902 907 23.

1122 929 1263 964 Pater
1291 930 1497 975 patriae:
1528 940 1670 964 sacrum
1701 929 1749 964 ob
1773 929 1994 975 appellatio·

1169 997 1252 1021 nem
1266 987 1382 1032 patris
1391 986 1544 1033 patriae
1563 988 1719 1026 Claudio
1738 987 1924 1022 decretam
1937 988 1995 1023 68.

1120 1043 1236 1080 Pax:
1262 1056 1325 1079 ara
1352 1045 1432 1080 eius
1459 1046 1522 1088 753
1548 1064 1593 1071 -
1627 1046 1837 1082 immolatur
1873 1046 1907 1080 ei
1944 1045 1992 1081 ob

1176 1103 1315 1138 laurum
1341 1103 1508 1139 Neronis
1533 1104 1590 1139 85.

1121 1161 1335 1197 Pecunia
1360 1162 1545 1197 Arvalium
1571 1163 1650 1198 101.

1122 1220 1342 1263 Penates,
1370 1220 1420 1255 dii
1438 1233 1502 1255 —:
1530 1220 1737 1255 immolatur
1753 1220 1799 1255 iis
1818 1223 1905 1256 ante
1929 1221 1993 1256 do-

1167 1289 1262 1312 mum
1286 1278 1535 1313 Domitianam
1566 1289 1633 1324 pro
1658 1278 1779 1314 salute
1805 1282 1844 1313 et
1866 1278 1990 1315 reditu

1166 1335 1330 1372 Neronis
1355 1338 1412 1372 85.

1119 1394 1383 1430 Perurendi
1419 1395 1637 1431 vocabulum
1676 1394 1764 1442 quid
1806 1396 1992 1444 significet

1166 1454 1234 1488 138
1259 1455 1338 1490 139.

1117 1511 1339 1546 Piacula:
1366 1512 1414 1546 ob
1440 1512 1571 1547 ferrum
1597 1511 1749 1547 inlatum
1780 1513 1864 1548 luco
1889 1513 1990 1548 coin-

1165 1570 1300 1615 quendi
1327 1573 1366 1605 et
1391 1571 1516 1617 operis
1534 1570 1695 1604 faciendi
1721 1573 1784 1612 22,
1803 1591 1842 1596 —
1865 1571 1988 1618 scalp-

1163 1632 1267 1662 turae
1293 1632 1331 1663 et
1357 1629 1563 1674 scripturae
1582 1639 1697 1664 causa
1721 1630 1923 1672 128-1353
1942 1650 1988 1655 —

1164 1687 1319 1721 inscribi
1357 1691 1495 1733 coepta
1528 1690 1616 1734 post
1647 1699 1678 1722 a.
1703 1688 1749 1723 59
1774 1691 1859 1722 ante
1885 1700 1916 1723 a.
1941 1689 1989 1724 80

1164 1746 1254 1786 12&
1280 1766 1321 1770 —
1349 1746 1488 1780 fiebant
1512 1746 1550 1780 in
1567 1745 1651 1780 luco
1675 1746 1861 1781 nonnullis
1887 1757 1986 1781 men·

1163 1803 1267 1838 sibus
1299 1807 1387 1850 post
1412 1804 1662 1848 magisterium
1688 1807 1878 1850 peractum
1904 1806 1983 1847 130,

1163 1879 1206 1885 --
1232 1872 1298 1907 per
1322 1862 1508 1897 calatores
1538 1866 1577 1897 et
1600 1862 1784 1908 publicos,
1809 1874 1892 1898 raro
1917 1874 1985 1909 per

1162 1919 1267 1965 ipsos
1294 1920 1512 1955 sacerdotes
1538 1921 1734 1962 132-134,
1763 1941 1803 1946 —
1835 1932 1903 1968 per
1925 1926 1981 1956 ta-

1161 1978 1340 2013 bularium
1379 1976 1537 2013 rationis
1570 1979 1779 2015 kastrensis
1809 1981 1877 2015 133
1902 1980 1981 2022 134,

1162 2057 1201 2061 —
1230 2048 1296 2083 per
1332 2037 1505 2084 publicos
1543 2040 1582 2072 et
1620 2048 1643 2072 a
1679 2038 1796 2073 sacris
1821 2040 1911 2080 ibd.;
1938 2058 1979 2063 —-

1160 2114 1203 2120 —
1229 2095 1349 2131 adfuit
1371 2096 1714 2131 commentariensis
1739 2097 1808 2131 133
1832 2097 1918 2137 134;
1937 2116 1982 2122 —

1158 2154 1298 2189 fiebant
1321 2155 1446 2200 porcis
1472 2157 1510 2189 et
1527 2155 1645 2199 agnis,
1671 2154 1833 2190 struibus
1858 2155 1980 2190 fertis-

1158 2224 1228 2258 que
1255 2214 1331 2248 135.
1359 2233 1399 2237 —
1436 2213 1634 2248 Piacula
1663 2214 1844 2248 minora
1880 2213 1982 2248 facta

1156 2272 1193 2306 in
1218 2271 1302 2306 luco
1341 2271 1434 2305 deae
1462 2271 1574 2313 Diae,
1613 2271 1712 2317 quod
1754 2271 1835 2306 sive
1871 2271 1981 2306 arbor

1157 2329 1238 2365 sive
1260 2340 1382 2364 ramus
1407 2332 1594 2364 vetustate
1618 2332 1890 2375 tempestatem
1914 2329 1979 2364 de·

1156 2387 1300 2422 ciderat
1337 2388 1539 2427 136—140;
1574 2407 1615 2412 -
1654 2387 1745 2422 fiunt
1774 2399 1841 2433 per
1864 2390 1978 2433 magi-

1160 2451 1273 2480 strum
1291 2446 1349 2479 vel
1365 2447 1659 2492 promagistrum,
1679 2457 1877 2492 eorumque
1895 2446 1978 2482 loco

1159 2504 1575 2550 percalatoreml39.—
1596 2504 1788 2538 Piacula
1809 2506 1979 2540 maiora

1158 2562 1247 2596 fiunt
1272 2562 1452 2603 omnibus,
1491 2566 1533 2596 ut
1567 2562 1729 2603 videtur,
1767 2563 1977 2598 numinibus

1157 2631 1252 2666 quae
1286 2620 1323 2654 in
1358 2620 1441 2654 luco
1470 2619 1660 2654 Arvalium
1691 2621 1861 2655 coluntur
1891 2622 1975 2662 140;

1156 2697 1201 2704 -
1226 2677 1318 2712 fiunt
1341 2678 1376 2712 in
1414 2677 1497 2712 luco
1524 2677 1616 2712 deae
1642 2678 1754 2720 Diae,
1779 2679 1903 2725 ibique
1929 2680 1977 2715 ad

1157 2735 1287 2770 aedem
1305 2735 1470 2773 eiusdem
1488 2740 1527 2770 et
1553 2740 1639 2770 ante
1658 2738 1878 2772 Caesareum
1896 2738 1976 2780 141,

1157 2814 1199 2819 —
1227 2793 1325 2839 quod
1362 2794 1398 2828 in
1425 2794 1577 2838 fastigio
1614 2794 1718 2828 aedis
1755 2793 1848 2828 deae
1881 2795 1974 2830 Diae

1155 2852 1246 2887 fieus
1272 2853 1399 2886 innata
1416 2857 1520 2888 esset
1538 2853 1617 2894 141,
1637 2871 1678 2877 —
1706 2852 1803 2897 quod
1830 2852 1866 2886 vi
1882 2857 1974 2887 tem·

1154 2910 1315 2956 pestatis
1346 2910 1423 2945 ictu
1457 2911 1619 2945 fulminis
1645 2911 1795 2945 arbores
1819 2909 1894 2945 luci
1917 2921 1974 2946 ar-

1154 2968 1300 3003 duerint.
1336 2970 1425 3009 ibd.;
1460 2989 1493 2992 —
1533 2967 1624 3002 fiunt
1660 2978 1724 3013 per
1758 2968 1974 3013 magistrum

1154 3026 1211 3060 vel
1238 3026 1521 3072 promagistrum
1546 3026 1625 3068 142,
1652 3045 1692 3050 —
1722 3027 1974 3062 suovetaurili-

1152 3084 1221 3118 bus
1248 3084 1449 3119 maioribus
1476 3084 1553 3119 143.

1105 3142 1295 3188 Pompa:
1334 3153 1434 3178 more
1474 3153 1631 3188 pompae
1669 3143 1703 3178 in
1737 3143 1971 3187 tetrastylum

1151 3200 1291 3235 fercula
1304 3211 1382 3234 cum
1401 3200 1590 3246 campanis
1608 3203 1646 3235 et
1662 3201 1851 3236 urnalibus
1864 3201 1971 3236 mulsi

1150 3258 1374 3303 singulorum
1400 3261 1594 3293 transeunt
1617 3258 1663 3293 27
1688 3259 1745 3294 35.
