<?xml version="1.0" encoding="UTF-8"?>
<!DOCTYPE html PUBLIC "-//W3C//DTD XHTML 1.0 Transitional//EN"
    "http://www.w3.org/TR/xhtml1/DTD/xhtml1-transitional.dtd">
<html xmlns="http://www.w3.org/1999/xhtml" xml:lang="en" lang="en">
 <head>
  <title>
</title>
<meta http-equiv="Content-Type" content="text/html;charset=utf-8" />
  <meta name='ocr-system' content='tesseract 3.04.00' />
  <meta name='ocr-capabilities' content='ocr_page ocr_carea ocr_par ocr_line ocrx_word'/>
</head>
<body>
  <div class='ocr_page' id='page_1' title='image "./actafratrumarval00henzuoft_0332.png"; bbox 0 0 2340 3658; ppageno 0'>
   <div class='ocr_carea' id='block_1_1' title="bbox 341 233 1487 276">
    <p class='ocr_par' dir='ltr' id='par_1_1' title="bbox 341 233 1487 276">
     <span class='ocr_line' id='line_1_1' title="bbox 341 233 1487 276; baseline 0 -7"><span class='ocrx_word' id='word_1_1' title='bbox 341 234 397 276; x_wconf 82' lang='grc'>62</span> <span class='ocrx_word' id='word_1_2' title='bbox 1008 233 1201 269; x_wconf 81' lang='lat' dir='ltr'>Sacrifieia</span> <span class='ocrx_word' id='word_1_3' title='bbox 1225 234 1487 269; x_wconf 75' lang='lat' dir='ltr'>anniversaria.</span> 
     </span>
    </p>
   </div>
   <div class='ocr_carea' id='block_1_2' title="bbox 971 484 1530 529">
    <p class='ocr_par' dir='ltr' id='par_1_2' title="bbox 971 484 1530 529">
     <span class='ocr_line' id='line_1_2' title="bbox 971 484 1530 529; baseline 0.002 -3"><span class='ocrx_word' id='word_1_4' title='bbox 971 486 1010 527; x_wconf 86' lang='lat'>3.</span> <span class='ocrx_word' id='word_1_5' title='bbox 1070 485 1220 528; x_wconf 85' lang='lat' dir='ltr'>Ratio</span> <span class='ocrx_word' id='word_1_6' title='bbox 1253 484 1530 529; x_wconf 88' lang='lat' dir='ltr'>sacrificii.</span> 
     </span>
    </p>
   </div>
   <div class='ocr_carea' id='block_1_3' title="bbox 339 609 2161 1199">
    <p class='ocr_par' dir='ltr' id='par_1_3' title="bbox 344 609 2161 871">
     <span class='ocr_line' id='line_1_3' title="bbox 344 609 2161 667; baseline 0.001 -16"><span class='ocrx_word' id='word_1_7' title='bbox 344 609 428 667; x_wconf 78' lang='lat'>[55]</span> <span class='ocrx_word' id='word_1_8' title='bbox 815 612 885 651; x_wconf 82' lang='lat' dir='ltr'>ille</span> <span class='ocrx_word' id='word_1_9' title='bbox 915 623 992 666; x_wconf 91' lang='lat' dir='ltr'>pro</span> <span class='ocrx_word' id='word_1_10' title='bbox 1023 610 1230 664; x_wconf 85' lang='lat' dir='ltr'>magistro</span> <span class='ocrx_word' id='word_1_11' title='bbox 1262 609 1439 652; x_wconf 85' lang='lat' dir='ltr'><strong>fratrum</strong></span> <span class='ocrx_word' id='word_1_12' title='bbox 1470 610 1692 653; x_wconf 83' lang='lat' dir='ltr'><strong>Arvalium</strong></span> <span class='ocrx_word' id='word_1_13' title='bbox 1716 609 1902 667; x_wconf 87' lang='lat' dir='ltr'>[nomine</span> <span class='ocrx_word' id='word_1_14' title='bbox 1922 610 2161 653; x_wconf 81' lang='lat' dir='ltr'>immolavit</span> 
     </span>
     <span class='ocr_line' id='line_1_4' title="bbox 868 677 2160 735; baseline 0 -15"><span class='ocrx_word' id='word_1_15' title='bbox 868 692 921 720; x_wconf 86' lang='lat' dir='ltr'>ex</span> <span class='ocrx_word' id='word_1_16' title='bbox 952 678 1090 720; x_wconf 88' lang='lat' dir='ltr'>edicto</span> <span class='ocrx_word' id='word_1_17' title='bbox 1109 677 1180 734; x_wconf 78' lang='lat'>(?)]</span> <span class='ocrx_word' id='word_1_18' title='bbox 1213 678 1397 721; x_wconf 87' lang='lat' dir='ltr'>Neronis</span> <span class='ocrx_word' id='word_1_19' title='bbox 1420 678 1571 721; x_wconf 82' lang='lat' dir='ltr'>Claudi</span> <span class='ocrx_word' id='word_1_20' title='bbox 1594 679 1791 722; x_wconf 87' lang='lat' dir='ltr'>Caesaris</span> <span class='ocrx_word' id='word_1_21' title='bbox 1812 677 2035 735; x_wconf 77' lang='lat' dir='ltr'>Aug-(usti)</span> <span class='ocrx_word' id='word_1_22' title='bbox 2058 678 2160 722; x_wconf 84' lang='lat' dir='ltr'>Ger-</span> 
     </span>
     <span class='ocr_line' id='line_1_5' title="bbox 869 744 2160 803; baseline 0.001 -15"><span class='ocrx_word' id='word_1_23' title='bbox 869 747 1024 789; x_wconf 89' lang='lat' dir='ltr'>manici</span> <span class='ocrx_word' id='word_1_24' title='bbox 1063 746 1268 802; x_wconf 85' lang='lat' dir='ltr'>principis</span> <span class='ocrx_word' id='word_1_25' title='bbox 1302 744 1590 803; x_wconf 87' lang='lat' dir='ltr'>[parentisque</span> <span class='ocrx_word' id='word_1_26' title='bbox 1620 746 1780 802; x_wconf 78' lang='lat' dir='ltr'>publici</span> <span class='ocrx_word' id='word_1_27' title='bbox 1812 744 1902 803; x_wconf 54' lang='lat' dir='ltr'>cea}</span> <span class='ocrx_word' id='word_1_28' title='bbox 1937 746 1990 790; x_wconf 89' lang='lat' dir='ltr'>ob</span> <span class='ocrx_word' id='word_1_29' title='bbox 2005 759 2160 789; x_wconf 89' lang='lat' dir='ltr'>memo-</span> 
     </span>
     <span class='ocr_line' id='line_1_6' title="bbox 869 813 2009 871; baseline 0 -15"><span class='ocrx_word' id='word_1_30' title='bbox 869 815 978 857; x_wconf 85' lang='lat' dir='ltr'>riam</span> <span class='ocrx_word' id='word_1_31' title='bbox 1009 815 1169 857; x_wconf 83' lang='lat' dir='ltr'>Domiti</span> <span class='ocrx_word' id='word_1_32' title='bbox 1200 815 1333 870; x_wconf 87' lang='lat' dir='ltr'>patris</span> <span class='ocrx_word' id='word_1_33' title='bbox 1367 813 1474 871; x_wconf 87' lang='lat' dir='ltr'>[eius</span> <span class='ocrx_word' id='word_1_34' title='bbox 1505 814 1658 858; x_wconf 88' lang='lat' dir='ltr'>bovem</span> <span class='ocrx_word' id='word_1_35' title='bbox 1689 813 1881 871; x_wconf 89' lang='lat' dir='ltr'>marem].</span> <span class='ocrx_word' id='word_1_36' title='bbox 2006 820 2009 821; x_wconf 72' lang='grc'>’</span> 
     </span>
    </p>

    <p class='ocr_par' dir='ltr' id='par_1_4' title="bbox 339 880 2160 1075">
     <span class='ocr_line' id='line_1_7' title="bbox 339 880 2159 938; baseline -0.001 -12"><span class='ocrx_word' id='word_1_37' title='bbox 339 884 393 926; x_wconf 88' lang='grc'>57</span> <span class='ocrx_word' id='word_1_38' title='bbox 815 884 868 926; x_wconf 93' lang='lat' dir='ltr'>ob</span> <span class='ocrx_word' id='word_1_39' title='bbox 915 883 1104 926; x_wconf 88' lang='lat' dir='ltr'>natalem</span> <span class='ocrx_word' id='word_1_40' title='bbox 1150 882 1223 925; x_wconf 85' lang='lat' dir='ltr'>Cn.</span> <span class='ocrx_word' id='word_1_41' title='bbox 1270 883 1447 924; x_wconf 91' lang='lat' dir='ltr'>Domitii</span> <span class='ocrx_word' id='word_1_42' title='bbox 1484 882 1761 925; x_wconf 83' lang='lat' dir='ltr'>Ahenobarbi</span> <span class='ocrx_word' id='word_1_43' title='bbox 1799 884 1869 924; x_wconf 77' lang='lat' dir='ltr'>ille</span> <span class='ocrx_word' id='word_1_44' title='bbox 1911 880 2159 938; x_wconf 86' lang='lat' dir='ltr'>mag(ister)</span> 
     </span>
     <span class='ocr_line' id='line_1_8' title="bbox 871 950 2160 1006; baseline 0.001 -13"><span class='ocrx_word' id='word_1_45' title='bbox 871 952 1027 1006; x_wconf 79' lang='lat' dir='ltr'>collegi</span> <span class='ocrx_word' id='word_1_46' title='bbox 1058 951 1235 993; x_wconf 81' lang='lat' dir='ltr'>fratrum</span> <span class='ocrx_word' id='word_1_47' title='bbox 1266 950 1488 993; x_wconf 86' lang='lat' dir='ltr'>Arvalium</span> <span class='ocrx_word' id='word_1_48' title='bbox 1518 951 1690 994; x_wconf 89' lang='lat' dir='ltr'>nomine</span> <span class='ocrx_word' id='word_1_49' title='bbox 1710 950 1950 993; x_wconf 86' lang='lat' dir='ltr'>immolavit</span> <span class='ocrx_word' id='word_1_50' title='bbox 1981 956 2055 992; x_wconf 63' lang='lat' dir='ltr'>ceta</span> <span class='ocrx_word' id='word_1_51' title='bbox 2076 963 2160 994; x_wconf 85' lang='lat' dir='ltr'>me-</span> 
     </span>
     <span class='ocr_line' id='line_1_9' title="bbox 866 1019 1755 1075; baseline 0 -14"><span class='ocrx_word' id='word_1_52' title='bbox 866 1020 1030 1062; x_wconf 83' lang='lat' dir='ltr'>moriae</span> <span class='ocrx_word' id='word_1_53' title='bbox 1058 1019 1132 1061; x_wconf 87' lang='lat' dir='ltr'>Cn.</span> <span class='ocrx_word' id='word_1_54' title='bbox 1165 1019 1324 1061; x_wconf 90' lang='lat' dir='ltr'>Domiti</span> <span class='ocrx_word' id='word_1_55' title='bbox 1357 1019 1550 1075; x_wconf 85' lang='lat' dir='ltr'>b(0vem)</span> <span class='ocrx_word' id='word_1_56' title='bbox 1581 1033 1755 1062; x_wconf 89' lang='lat' dir='ltr'>marem.</span> 
     </span>
    </p>

    <p class='ocr_par' dir='ltr' id='par_1_5' title="bbox 339 1086 2161 1199">
     <span class='ocr_line' id='line_1_10' title="bbox 339 1086 2161 1143; baseline -0.001 -11"><span class='ocrx_word' id='word_1_57' title='bbox 339 1090 393 1132; x_wconf 86' lang='lat'>58</span> <span class='ocrx_word' id='word_1_58' title='bbox 423 1091 478 1134; x_wconf 80' lang='lat'>59</span> <span class='ocrx_word' id='word_1_59' title='bbox 808 1090 878 1130; x_wconf 82' lang='lat' dir='ltr'>ille</span> <span class='ocrx_word' id='word_1_60' title='bbox 907 1086 1153 1143; x_wconf 87' lang='lat' dir='ltr'>mag(ister)</span> <span class='ocrx_word' id='word_1_61' title='bbox 1193 1094 1236 1129; x_wconf 76' lang='lat' dir='ltr'>ut</span> <span class='ocrx_word' id='word_1_62' title='bbox 1271 1101 1420 1142; x_wconf 85' lang='lat' dir='ltr'>supra,</span> <span class='ocrx_word' id='word_1_63' title='bbox 1461 1090 1543 1130; x_wconf 81' lang='lat' dir='ltr'>nisi</span> <span class='ocrx_word' id='word_1_64' title='bbox 1579 1090 1690 1143; x_wconf 83' lang='lat' dir='ltr'>quod</span> <span class='ocrx_word' id='word_1_65' title='bbox 1726 1090 1880 1130; x_wconf 75' lang='lat' dir='ltr'>omissa</span> <span class='ocrx_word' id='word_1_66' title='bbox 1909 1095 2005 1130; x_wconf 80' lang='lat' dir='ltr'>sunt</span> <span class='ocrx_word' id='word_1_67' title='bbox 2034 1090 2161 1131; x_wconf 83' lang='lat' dir='ltr'>verba</span> 
     </span>
     <span class='ocr_line' id='line_1_11' title="bbox 870 1157 1244 1199; baseline 0 -1"><span class='ocrx_word' id='word_1_68' title='bbox 870 1157 924 1199; x_wconf 90' lang='lat' dir='ltr'>ob</span> <span class='ocrx_word' id='word_1_69' title='bbox 952 1157 1140 1199; x_wconf 89' lang='lat' dir='ltr'>natalem</span> <span class='ocrx_word' id='word_1_70' title='bbox 1171 1163 1244 1198; x_wconf 79' lang='lat' dir='ltr'>cet.</span> 
     </span>
    </p>
   </div>
   <div class='ocr_carea' id='block_1_4' title="bbox 339 1235 2181 1591">
    <p class='ocr_par' dir='ltr' id='par_1_6' title="bbox 339 1235 2181 1591">
     <span class='ocr_line' id='line_1_12' title="bbox 443 1235 2160 1288; baseline 0.001 -12"><span class='ocrx_word' id='word_1_71' title='bbox 443 1240 549 1276; x_wconf 83' lang='lat' dir='ltr'>Acta</span> <span class='ocrx_word' id='word_1_72' title='bbox 576 1249 765 1277; x_wconf 88' lang='lat' dir='ltr'>annorum</span> <span class='ocrx_word' id='word_1_73' title='bbox 795 1236 840 1276; x_wconf 98' lang='grc'>57</span> <span class='ocrx_word' id='word_1_74' title='bbox 871 1238 920 1275; x_wconf 86' lang='grc'>58</span> <span class='ocrx_word' id='word_1_75' title='bbox 947 1237 996 1275; x_wconf 88' lang='grc'>59</span> <span class='ocrx_word' id='word_1_76' title='bbox 1026 1235 1212 1275; x_wconf 77' lang='lat' dir='ltr'>differunt</span> <span class='ocrx_word' id='word_1_77' title='bbox 1240 1237 1290 1274; x_wconf 86' lang='lat' dir='ltr'>ab</span> <span class='ocrx_word' id='word_1_78' title='bbox 1318 1237 1419 1276; x_wconf 87' lang='lat' dir='ltr'>actis</span> <span class='ocrx_word' id='word_1_79' title='bbox 1449 1237 1541 1275; x_wconf 86' lang='lat' dir='ltr'>anni</span> <span class='ocrx_word' id='word_1_80' title='bbox 1570 1238 1632 1285; x_wconf 87' lang='lat'>55,</span> <span class='ocrx_word' id='word_1_81' title='bbox 1660 1236 1801 1286; x_wconf 91' lang='lat' dir='ltr'>quibus</span> <span class='ocrx_word' id='word_1_82' title='bbox 1830 1249 1917 1276; x_wconf 88' lang='lat' dir='ltr'>eum</span> <span class='ocrx_word' id='word_1_83' title='bbox 1937 1237 2002 1275; x_wconf 87' lang='lat' dir='ltr'>vix</span> <span class='ocrx_word' id='word_1_84' title='bbox 2030 1237 2160 1288; x_wconf 86' lang='lat' dir='ltr'>possit</span> 
     </span>
     <span class='ocr_line' id='line_1_13' title="bbox 340 1299 2181 1351; baseline 0.001 -13"><span class='ocrx_word' id='word_1_85' title='bbox 340 1301 511 1340; x_wconf 88' lang='lat' dir='ltr'>dubitari</span> <span class='ocrx_word' id='word_1_86' title='bbox 541 1301 633 1351; x_wconf 89' lang='lat' dir='ltr'>quin</span> <span class='ocrx_word' id='word_1_87' title='bbox 663 1300 783 1338; x_wconf 86' lang='lat' dir='ltr'>edicti</span> <span class='ocrx_word' id='word_1_88' title='bbox 809 1299 982 1338; x_wconf 88' lang='lat' dir='ltr'>Neronis</span> <span class='ocrx_word' id='word_1_89' title='bbox 1018 1299 1165 1338; x_wconf 87' lang='lat' dir='ltr'>mentio</span> <span class='ocrx_word' id='word_1_90' title='bbox 1199 1299 1307 1338; x_wconf 86' lang='lat' dir='ltr'>facta</span> <span class='ocrx_word' id='word_1_91' title='bbox 1335 1299 1472 1348; x_wconf 85' lang='lat' dir='ltr'>fuerit,</span> <span class='ocrx_word' id='word_1_92' title='bbox 1502 1299 1551 1338; x_wconf 90' lang='lat' dir='ltr'>de</span> <span class='ocrx_word' id='word_1_93' title='bbox 1578 1300 1670 1350; x_wconf 91' lang='lat' dir='ltr'>ipsa</span> <span class='ocrx_word' id='word_1_94' title='bbox 1699 1300 1802 1338; x_wconf 86' lang='lat' dir='ltr'>sacri</span> <span class='ocrx_word' id='word_1_95' title='bbox 1827 1301 2076 1339; x_wconf 83' lang='lat' dir='ltr'>institutione</span> <span class='ocrx_word' id='word_1_96' title='bbox 2106 1301 2181 1339; x_wconf 65' lang='lat' dir='ltr'>vi-v</span> 
     </span>
     <span class='ocr_line' id='line_1_14' title="bbox 340 1362 2159 1414; baseline 0.001 -13"><span class='ocrx_word' id='word_1_97' title='bbox 340 1363 455 1402; x_wconf 85' lang='lat' dir='ltr'>detur</span> <span class='ocrx_word' id='word_1_98' title='bbox 482 1364 558 1413; x_wconf 85' lang='lat' dir='ltr'>agi.</span> <span class='ocrx_word' id='word_1_99' title='bbox 614 1363 664 1401; x_wconf 88' lang='lat' dir='ltr'>Id</span> <span class='ocrx_word' id='word_1_100' title='bbox 704 1363 751 1401; x_wconf 91' lang='lat' dir='ltr'>iis</span> <span class='ocrx_word' id='word_1_101' title='bbox 795 1363 1047 1401; x_wconf 87' lang='lat' dir='ltr'>confirmatur</span> <span class='ocrx_word' id='word_1_102' title='bbox 1083 1374 1183 1414; x_wconf 87' lang='lat' dir='ltr'>quae</span> <span class='ocrx_word' id='word_1_103' title='bbox 1220 1363 1258 1400; x_wconf 90' lang='lat' dir='ltr'>in</span> <span class='ocrx_word' id='word_1_104' title='bbox 1299 1362 1522 1401; x_wconf 86' lang='lat' dir='ltr'>Annalibus</span> <span class='ocrx_word' id='word_1_105' title='bbox 1558 1363 1734 1402; x_wconf 83' lang='lat' dir='ltr'>eiusdem</span> <span class='ocrx_word' id='word_1_106' title='bbox 1769 1363 1860 1403; x_wconf 88' lang='lat' dir='ltr'>anni</span> <span class='ocrx_word' id='word_1_107' title='bbox 1895 1365 1944 1403; x_wconf 86' lang='lat'>55</span> <span class='ocrx_word' id='word_1_108' title='bbox 1978 1363 2159 1402; x_wconf 75' lang='lat' dir='ltr'>exeuntis</span> 
     </span>
     <span class='ocr_line' id='line_1_15' title="bbox 342 1425 2159 1486; baseline 0.001 -22"><span class='ocrx_word' id='word_1_109' title='bbox 342 1426 506 1465; x_wconf 81' lang='lat' dir='ltr'>Tacitus</span> <span class='ocrx_word' id='word_1_110' title='bbox 535 1427 647 1473; x_wconf 66' lang='lat' dir='ltr'>(Arm.</span> <span class='ocrx_word' id='word_1_111' title='bbox 682 1427 742 1473; x_wconf 83' lang='lat'>13,</span> <span class='ocrx_word' id='word_1_112' title='bbox 768 1425 831 1475; x_wconf 92' lang='grc'>10)</span> <span class='ocrx_word' id='word_1_113' title='bbox 861 1425 983 1464; x_wconf 80' lang='lat' dir='ltr'>tradit</span> <span class='ocrx_word' id='word_1_114' title='bbox 1011 1426 1059 1464; x_wconf 86' lang='lat' dir='ltr'>de</span> <span class='ocrx_word' id='word_1_115' title='bbox 1088 1426 1218 1476; x_wconf 86' lang='lat' dir='ltr'>effigie</span> <span class='ocrx_word' id='word_1_116' title='bbox 1252 1426 1324 1465; x_wconf 90' lang='lat' dir='ltr'>Cu.</span> <span class='ocrx_word' id='word_1_117' title='bbox 1354 1425 1527 1464; x_wconf 87' lang='lat' dir='ltr'>Domitio</span> <span class='ocrx_word' id='word_1_118' title='bbox 1556 1427 1660 1476; x_wconf 86' lang='lat' dir='ltr'>patri</span> <span class='ocrx_word' id='word_1_119' title='bbox 1680 1438 1704 1464; x_wconf 88' lang='lat' dir='ltr'>a</span> <span class='ocrx_word' id='word_1_120' title='bbox 1722 1426 1882 1464; x_wconf 86' lang='lat' dir='ltr'>Nerone</span> <span class='ocrx_word' id='word_1_121' title='bbox 1904 1426 2046 1486; x_wconf 67' lang='lat' dir='ltr'>petita.</span> <span class='ocrx_word' id='word_1_122' title='bbox 2085 1426 2159 1465; x_wconf 86' lang='lat' dir='ltr'>Die</span> 
     </span>
     <span class='ocr_line' id='line_1_16' title="bbox 342 1489 2158 1540; baseline 0 -13"><span class='ocrx_word' id='word_1_123' title='bbox 342 1489 464 1527; x_wconf 86' lang='lat' dir='ltr'>natali</span> <span class='ocrx_word' id='word_1_124' title='bbox 491 1489 653 1527; x_wconf 88' lang='lat' dir='ltr'>Domitii</span> <span class='ocrx_word' id='word_1_125' title='bbox 681 1501 835 1528; x_wconf 86' lang='lat' dir='ltr'>sacrum</span> <span class='ocrx_word' id='word_1_126' title='bbox 864 1489 1012 1528; x_wconf 85' lang='lat' dir='ltr'>factum</span> <span class='ocrx_word' id='word_1_127' title='bbox 1041 1501 1143 1538; x_wconf 86' lang='lat' dir='ltr'>esse,</span> <span class='ocrx_word' id='word_1_128' title='bbox 1173 1501 1301 1540; x_wconf 88' lang='lat' dir='ltr'>neque</span> <span class='ocrx_word' id='word_1_129' title='bbox 1331 1489 1393 1526; x_wconf 86' lang='lat' dir='ltr'>die</span> <span class='ocrx_word' id='word_1_130' title='bbox 1422 1500 1468 1527; x_wconf 87' lang='lat' dir='ltr'>eo</span> <span class='ocrx_word' id='word_1_131' title='bbox 1497 1501 1575 1539; x_wconf 90' lang='lat' dir='ltr'>quo</span> <span class='ocrx_word' id='word_1_132' title='bbox 1603 1489 1684 1528; x_wconf 81' lang='lat' dir='ltr'>vita</span> <span class='ocrx_word' id='word_1_133' title='bbox 1700 1490 1859 1528; x_wconf 88' lang='lat' dir='ltr'>functus</span> <span class='ocrx_word' id='word_1_134' title='bbox 1888 1493 1963 1538; x_wconf 89' lang='lat' dir='ltr'>est,</span> <span class='ocrx_word' id='word_1_135' title='bbox 1991 1501 2041 1528; x_wconf 82' lang='lat' dir='ltr'>ex</span> <span class='ocrx_word' id='word_1_136' title='bbox 2059 1489 2158 1530; x_wconf 79' lang='lat' dir='ltr'>actis</span> 
     </span>
     <span class='ocr_line' id='line_1_17' title="bbox 339 1549 732 1591; baseline -0.003 -1"><span class='ocrx_word' id='word_1_137' title='bbox 339 1552 524 1591; x_wconf 83' lang='lat' dir='ltr'>discimus</span> <span class='ocrx_word' id='word_1_138' title='bbox 554 1551 646 1590; x_wconf 91' lang='lat' dir='ltr'>anni</span> <span class='ocrx_word' id='word_1_139' title='bbox 672 1549 732 1591; x_wconf 84' lang='grc'>57.</span> 
     </span>
    </p>
   </div>
   <div class='ocr_carea' id='block_1_5' title="bbox 1028 1739 1456 1782">
    <p class='ocr_par' dir='ltr' id='par_1_7' title="bbox 1028 1739 1456 1782">
     <span class='ocr_line' id='line_1_18' title="bbox 1028 1739 1456 1782; baseline 0.002 -1"><span class='ocrx_word' id='word_1_140' title='bbox 1028 1739 1068 1781; x_wconf 91' lang='lat'>4.</span> <span class='ocrx_word' id='word_1_141' title='bbox 1128 1740 1456 1782; x_wconf 88' lang='lat' dir='ltr'>Praesentes.</span> 
     </span>
    </p>
   </div>
   <div class='ocr_carea' id='block_1_6' title="bbox 336 1864 2158 2295">
    <p class='ocr_par' dir='ltr' id='par_1_8' title="bbox 336 1864 2158 2295">
     <span class='ocr_line' id='line_1_19' title="bbox 444 1864 2158 1915; baseline 0.002 -11"><span class='ocrx_word' id='word_1_142' title='bbox 444 1865 617 1904; x_wconf 85' lang='lat' dir='ltr'>Nomina</span> <span class='ocrx_word' id='word_1_143' title='bbox 644 1877 777 1903; x_wconf 88' lang='lat' dir='ltr'>eorum</span> <span class='ocrx_word' id='word_1_144' title='bbox 806 1866 871 1915; x_wconf 90' lang='lat' dir='ltr'>qui</span> <span class='ocrx_word' id='word_1_145' title='bbox 898 1865 1108 1904; x_wconf 88' lang='lat' dir='ltr'>adfuerunt</span> <span class='ocrx_word' id='word_1_146' title='bbox 1135 1865 1174 1904; x_wconf 92' lang='lat' dir='ltr'>in</span> <span class='ocrx_word' id='word_1_147' title='bbox 1204 1865 1304 1904; x_wconf 88' lang='lat' dir='ltr'>actis</span> <span class='ocrx_word' id='word_1_148' title='bbox 1333 1866 1424 1904; x_wconf 87' lang='lat' dir='ltr'>anni</span> <span class='ocrx_word' id='word_1_149' title='bbox 1452 1866 1500 1904; x_wconf 88' lang='lat'>55</span> <span class='ocrx_word' id='word_1_150' title='bbox 1529 1864 1619 1902; x_wconf 92' lang='lat' dir='ltr'>mihi</span> <span class='ocrx_word' id='word_1_151' title='bbox 1649 1865 1894 1914; x_wconf 86' lang='lat' dir='ltr'>probabilius</span> <span class='ocrx_word' id='word_1_152' title='bbox 1923 1872 1985 1906; x_wconf 88' lang='lat' dir='ltr'>est</span> <span class='ocrx_word' id='word_1_153' title='bbox 2011 1867 2158 1907; x_wconf 87' lang='lat' dir='ltr'>omissa</span> 
     </span>
     <span class='ocr_line' id='line_1_20' title="bbox 337 1927 2157 1979; baseline 0.002 -13"><span class='ocrx_word' id='word_1_154' title='bbox 337 1940 425 1966; x_wconf 89' lang='lat' dir='ltr'>esse</span> <span class='ocrx_word' id='word_1_155' title='bbox 454 1929 505 1967; x_wconf 89' lang='lat' dir='ltr'>ab</span> <span class='ocrx_word' id='word_1_156' title='bbox 535 1941 582 1966; x_wconf 88' lang='lat' dir='ltr'>eo</span> <span class='ocrx_word' id='word_1_157' title='bbox 611 1929 677 1978; x_wconf 89' lang='lat' dir='ltr'>qui</span> <span class='ocrx_word' id='word_1_158' title='bbox 705 1932 797 1967; x_wconf 86' lang='lat' dir='ltr'>acta</span> <span class='ocrx_word' id='word_1_159' title='bbox 825 1929 1007 1979; x_wconf 86' lang='lat' dir='ltr'>concepit</span> <span class='ocrx_word' id='word_1_160' title='bbox 1042 1941 1162 1979; x_wconf 85' lang='lat' dir='ltr'>quam</span> <span class='ocrx_word' id='word_1_161' title='bbox 1195 1930 1355 1979; x_wconf 84' lang='lat' dir='ltr'>praeter</span> <span class='ocrx_word' id='word_1_162' title='bbox 1388 1927 1694 1978; x_wconf 84' lang='lat' dir='ltr'>promagistrum</span> <span class='ocrx_word' id='word_1_163' title='bbox 1729 1929 1768 1967; x_wconf 90' lang='lat' dir='ltr'>in</span> <span class='ocrx_word' id='word_1_164' title='bbox 1806 1929 1975 1979; x_wconf 86' lang='lat' dir='ltr'>collegio</span> <span class='ocrx_word' id='word_1_165' title='bbox 2012 1931 2157 1970; x_wconf 82' lang='lat' dir='ltr'>fratres</span> 
     </span>
     <span class='ocr_line' id='line_1_21' title="bbox 339 1990 2157 2042; baseline 0.003 -14"><span class='ocrx_word' id='word_1_166' title='bbox 339 1990 514 2028; x_wconf 84' lang='lat' dir='ltr'>adfuisse</span> <span class='ocrx_word' id='word_1_167' title='bbox 544 1991 683 2029; x_wconf 88' lang='lat' dir='ltr'>nullos.</span> <span class='ocrx_word' id='word_1_168' title='bbox 735 1991 982 2042; x_wconf 83' lang='lat' dir='ltr'>Quamquam</span> <span class='ocrx_word' id='word_1_169' title='bbox 1012 1993 1113 2030; x_wconf 90' lang='lat' dir='ltr'>enim</span> <span class='ocrx_word' id='word_1_170' title='bbox 1140 1991 1384 2041; x_wconf 87' lang='lat' dir='ltr'>temporibus</span> <span class='ocrx_word' id='word_1_171' title='bbox 1412 2003 1552 2041; x_wconf 87' lang='lat' dir='ltr'>parum</span> <span class='ocrx_word' id='word_1_172' title='bbox 1580 1991 1801 2042; x_wconf 83' lang='lat' dir='ltr'>tranquillis</span> <span class='ocrx_word' id='word_1_173' title='bbox 1830 1993 1982 2032; x_wconf 83' lang='lat' dir='ltr'>Vitellii</span> <span class='ocrx_word' id='word_1_174' title='bbox 2009 1994 2157 2033; x_wconf 80' lang='lat' dir='ltr'>factum</span> 
     </span>
     <span class='ocr_line' id='line_1_22' title="bbox 337 2054 2157 2106; baseline 0.002 -14"><span class='ocrx_word' id='word_1_175' title='bbox 337 2058 408 2104; x_wconf 84' lang='lat' dir='ltr'>est,</span> <span class='ocrx_word' id='word_1_176' title='bbox 438 2059 481 2092; x_wconf 84' lang='lat' dir='ltr'>ut</span> <span class='ocrx_word' id='word_1_177' title='bbox 508 2055 614 2092; x_wconf 92' lang='lat' dir='ltr'>solus</span> <span class='ocrx_word' id='word_1_178' title='bbox 643 2054 909 2104; x_wconf 81' lang='lat' dir='ltr'>promagister</span> <span class='ocrx_word' id='word_1_179' title='bbox 944 2055 995 2093; x_wconf 91' lang='lat' dir='ltr'>ad</span> <span class='ocrx_word' id='word_1_180' title='bbox 1032 2067 1187 2094; x_wconf 84' lang='lat' dir='ltr'>sacrum</span> <span class='ocrx_word' id='word_1_181' title='bbox 1223 2054 1446 2092; x_wconf 85' lang='lat' dir='ltr'>faciendum</span> <span class='ocrx_word' id='word_1_182' title='bbox 1480 2058 1641 2103; x_wconf 87' lang='lat' dir='ltr'>praesto</span> <span class='ocrx_word' id='word_1_183' title='bbox 1671 2059 1779 2094; x_wconf 86' lang='lat' dir='ltr'>esset</span> <span class='ocrx_word' id='word_1_184' title='bbox 1805 2056 1870 2106; x_wconf 87' lang='lat' dir='ltr'>(cf.</span> <span class='ocrx_word' id='word_1_185' title='bbox 1899 2061 1999 2095; x_wconf 64' lang='lat' dir='ltr'>acta,</span> <span class='ocrx_word' id='word_1_186' title='bbox 2021 2068 2055 2094; x_wconf 81' lang='lat' dir='ltr'>a.</span> <span class='ocrx_word' id='word_1_187' title='bbox 2077 2055 2157 2106; x_wconf 82' lang='lat'><strong>69),</strong></span> 
     </span>
     <span class='ocr_line' id='line_1_23' title="bbox 338 2116 2158 2169; baseline 0.001 -15"><span class='ocrx_word' id='word_1_188' title='bbox 338 2117 379 2154; x_wconf 89' lang='lat' dir='ltr'>id</span> <span class='ocrx_word' id='word_1_189' title='bbox 407 2116 512 2154; x_wconf 87' lang='lat' dir='ltr'>haud</span> <span class='ocrx_word' id='word_1_190' title='bbox 541 2117 657 2156; x_wconf 83' lang='lat' dir='ltr'>facile</span> <span class='ocrx_word' id='word_1_191' title='bbox 687 2116 920 2156; x_wconf 88' lang='lat' dir='ltr'>crediderim</span> <span class='ocrx_word' id='word_1_192' title='bbox 950 2123 1081 2157; x_wconf 77' lang='lat' dir='ltr'>aetate</span> <span class='ocrx_word' id='word_1_193' title='bbox 1110 2128 1266 2169; x_wconf 88' lang='lat' dir='ltr'>quoque</span> <span class='ocrx_word' id='word_1_194' title='bbox 1297 2116 1476 2154; x_wconf 83' lang='lat' dir='ltr'>evenisse</span> <span class='ocrx_word' id='word_1_195' title='bbox 1495 2116 1680 2167; x_wconf 85' lang='lat' dir='ltr'>Neronis,</span> <span class='ocrx_word' id='word_1_196' title='bbox 1705 2119 1938 2169; x_wconf 88' lang='lat' dir='ltr'>praesertim</span> <span class='ocrx_word' id='word_1_197' title='bbox 1966 2131 2054 2157; x_wconf 86' lang='lat' dir='ltr'>eum</span> <span class='ocrx_word' id='word_1_198' title='bbox 2081 2118 2158 2157; x_wconf 86' lang='lat' dir='ltr'>hoc</span> 
     </span>
     <span class='ocr_line' id='line_1_24' title="bbox 338 2179 2155 2231; baseline 0.002 -15"><span class='ocrx_word' id='word_1_199' title='bbox 338 2179 554 2230; x_wconf 87' lang='lat' dir='ltr'>imperante</span> <span class='ocrx_word' id='word_1_200' title='bbox 583 2179 728 2218; x_wconf 88' lang='lat' dir='ltr'>maiore</span> <span class='ocrx_word' id='word_1_201' title='bbox 758 2193 876 2230; x_wconf 88' lang='lat' dir='ltr'>quam</span> <span class='ocrx_word' id='word_1_202' title='bbox 905 2186 1194 2219; x_wconf 86' lang='lat' dir='ltr'>consueverant</span> <span class='ocrx_word' id='word_1_203' title='bbox 1229 2191 1388 2218; x_wconf 90' lang='lat' dir='ltr'>numero</span> <span class='ocrx_word' id='word_1_204' title='bbox 1418 2180 1589 2218; x_wconf 85' lang='lat' dir='ltr'>Arvales</span> <span class='ocrx_word' id='word_1_205' title='bbox 1617 2181 1655 2218; x_wconf 92' lang='lat' dir='ltr'>in</span> <span class='ocrx_word' id='word_1_206' title='bbox 1685 2182 1856 2231; x_wconf 87' lang='lat' dir='ltr'>collegio</span> <span class='ocrx_word' id='word_1_207' title='bbox 1884 2181 2027 2220; x_wconf 87' lang='lat' dir='ltr'>adesse</span> <span class='ocrx_word' id='word_1_208' title='bbox 2055 2180 2155 2219; x_wconf 87' lang='lat' dir='ltr'>sole-</span> 
     </span>
     <span class='ocr_line' id='line_1_25' title="bbox 336 2243 2056 2295; baseline 0.001 -15"><span class='ocrx_word' id='word_1_209' title='bbox 336 2246 435 2280; x_wconf 85' lang='lat' dir='ltr'>rent.</span> <span class='ocrx_word' id='word_1_210' title='bbox 465 2266 512 2271; x_wconf 89' lang='lat'>-—</span> <span class='ocrx_word' id='word_1_211' title='bbox 542 2243 589 2280; x_wconf 89' lang='lat' dir='ltr'>In</span> <span class='ocrx_word' id='word_1_212' title='bbox 618 2243 716 2282; x_wconf 86' lang='lat' dir='ltr'>actis</span> <span class='ocrx_word' id='word_1_213' title='bbox 745 2255 931 2281; x_wconf 90' lang='lat' dir='ltr'>annorum</span> <span class='ocrx_word' id='word_1_214' title='bbox 961 2243 1007 2283; x_wconf 88' lang='grc'>57</span> <span class='ocrx_word' id='word_1_215' title='bbox 1038 2245 1086 2283; x_wconf 89' lang='lat'>58</span> <span class='ocrx_word' id='word_1_216' title='bbox 1115 2245 1163 2282; x_wconf 90' lang='lat'>59</span> <span class='ocrx_word' id='word_1_217' title='bbox 1192 2243 1361 2281; x_wconf 84' lang='lat' dir='ltr'>formula</span> <span class='ocrx_word' id='word_1_218' title='bbox 1387 2247 1600 2294; x_wconf 86' lang='lat' dir='ltr'>usurpatur</span> <span class='ocrx_word' id='word_1_219' title='bbox 1627 2248 1821 2283; x_wconf 79' lang='lat' dir='ltr'>consueta</span> <span class='ocrx_word' id='word_1_220' title='bbox 1847 2255 1948 2295; x_wconf 86' lang='lat' dir='ltr'>quae</span> <span class='ocrx_word' id='word_1_221' title='bbox 1977 2247 2056 2282; x_wconf 86' lang='lat' dir='ltr'>est:</span> 
     </span>
    </p>
   </div>
   <div class='ocr_carea' id='block_1_7' title="bbox 805 2317 1338 2372">
    <p class='ocr_par' dir='ltr' id='par_1_9' title="bbox 805 2317 1338 2372">
     <span class='ocr_line' id='line_1_26' title="bbox 805 2317 1338 2372; baseline -0.002 -13"><span class='ocrx_word' id='word_1_222' title='bbox 805 2318 851 2359; x_wconf 93' lang='lat' dir='ltr'>in</span> <span class='ocrx_word' id='word_1_223' title='bbox 882 2318 1066 2372; x_wconf 84' lang='lat' dir='ltr'>collegio</span> <span class='ocrx_word' id='word_1_224' title='bbox 1098 2317 1338 2359; x_wconf 87' lang='lat' dir='ltr'>adfuerunt.</span> 
     </span>
    </p>
   </div>
   <div class='ocr_carea' id='block_1_8' title="bbox 2243 0 2340 3658">
    <p class='ocr_par' dir='ltr' id='par_1_10' title="bbox 2243 0 2340 3658">
     <span class='ocr_line' id='line_1_27' title="bbox 2243 0 2340 3658; baseline 0 0"><span class='ocrx_word' id='word_1_225' title='bbox 2243 0 2340 3658; x_wconf 95' lang='lat' dir='ltr'> </span> 
     </span>
    </p>
   </div>
  </div>
 </body>
</html>
