2340 3658
0 299 48 326 ι
77 301 118 338 11
137 304 150 330 ι

0 363 10 380 ¹⁴
21 376 24 377 γ

0 379 14 403 »ς’

0 406 10 414 u

3 420 8 429 .

0 430 20 487 t

135 572 153 598 ⁵

118 906 153 931 10

114 1250 147 1275 1⁵

936 159 1037 197 Nero
1064 157 1240 195 Claudius

326 288 331 294 ·
384 277 521 321 isdem
555 276 871 329 co(n)s(ulibus)

386 347 475 390 IIII
502 345 599 388 idus
629 346 825 399 Apriles?
848 344 879 398 ¹)

1860 172 1990 198 LXXIX

184 416 431 471 magisterio
463 415 511 466 Q.
544 414 644 456 Tilli
674 413 793 456 Sassi
822 414 965 467 colleyz'
994 414 1172 466 fratrum

242 483 466 533 Arvalium
494 483 665 526 nomine
695 481 921 523 immolavit
950 483 993 522 iu
1026 483 1199 535 Capito-

244 553 302 595 lio
332 551 382 594 A.
413 552 611 594 Vitellius
641 550 694 593 ob
726 549 945 593 adventum
974 552 1150 592 Neronis
1182 551 1331 593 Claudi

245 621 444 664 Caesaris
473 620 655 675 Augusti
686 621 919 661 Germanici
951 626 988 660 el
1017 620 1236 672 Poppaeae

240 693 460 744 Augustae
490 693 531 731 et
560 688 765 730 Claudiae
793 688 1005 741 Auyustae
1022 686 1055 741 ²)
1084 689 1174 729 Iovi
1203 689 1382 739 b(ovem)
1413 693 1622 738 mmmm),

239 758 393 801 Iunoni
422 756 646 812 vaee(am),
677 756 891 798 Minervae
920 761 1143 806 vacc(am)‚
1174 757 1310 798 Saluti
1338 771 1422 810 pu-

177 878 179 882 ·
238 828 374 870 blieae
405 838 592 879 vaccam,
625 826 827 866 Felicitati
858 827 931 874 (5³)
950 825 982 879 3)
1011 839 1194 875 vaccam,

240 895 343 951 Spei
373 893 596 949 vaedam),
631 893 766 935 Genio
797 895 928 946 ipsius
958 900 1133 943 taurum,
1163 896 1314 935 Iunoni

239 964 470 1019 Poppaeae
500 962 715 1014 Augustae
743 976 927 1011 vaccam,
959 963 1108 1002 Iunoni
1141 963 1342 1003 Claudiae

242 1032 464 1086 Augustae
493 1044 677 1072 vaccam.

183 1102 228 1144 in
258 1099 438 1154 eollegio
470 1101 692 1153 adfuerunt
722 1100 770 1140 A.
810 1100 1004 1149 Vitellius,
1025 1100 1059 1154 4)
1090 1101 1299 1152 Sulpicius

240 1169 487 1213 Camerinus
520 1200 1077 1210 ..............

237 1239 319 1280 lius
339 1239 383 1293 ⁵),
416 1237 460 1280 C.
490 1237 604 1279 Piso.

381 1306 510 1348 isdem
541 1306 856 1356 cosnjssalibus)

382 1375 425 1417 ΙΙ
456 1407 933 1417 ............

1111 1201 1120 1210 .
1154 1201 1162 1210 .
1197 1202 1205 1210 .
1240 1202 1248 1210 .
1281 1170 1325 1210 L.
1368 1170 1493 1210 Vilel—

182 1444 426 1499 magisterio
458 1444 504 1494 Q.
539 1444 632 1484 Tilli
660 1444 780 1484 Sassi
810 1445 953 1498 calleyo·
981 1445 1161 1497 fratrum

236 1512 453 1556 Arvalium
483 1514 645 1553 nomine
675 1514 898 1555 immolauit
927 1516 970 1554 in
1003 1515 1176 1567 Capito-

238 1581 296 1623 lio
329 1614 936 1624 ...............

274 1812 439 1857 Paginae
464 1815 496 1849 2,
549 1815 574 1858 ¹)
605 1814 747 1858 Apriles
783 1814 943 1848 restituit
968 1814 1047 1849 Ma-

178 1871 312 1914 tinius,
345 1871 412 1906 sed
442 1875 569 1918 potest
601 1873 711 1906 etiam
745 1871 860 1906 fuisse
891 1872 1048 1907 Martias

179 1928 239 1964 vel
272 1930 412 1973 Maias,
445 1941 526 1965 cum
558 1930 744 1966 Neronem
778 1930 891 1965 Antio
926 1936 1046 1966 rever-

178 1988 272 2022 tisse
315 1988 487 2023 traditum
528 1989 730 2023 habeamus
771 1991 854 2023 ante
895 1992 1048 2023 mortem

178 2045 276 2081 filiae
308 2057 424 2093 nuper
456 2050 582 2089 natae,
616 2058 723 2092 quam
761 2055 925 2092 quartum
950 2050 1048 2083 intra

178 2117 328 2140 mensem
347 2105 553 2145 defunctam
572 2115 655 2140 esse
675 2105 786 2141 docet
804 2106 958 2141 Tacitus
977 2106 998 2140 l.
1017 2117 1048 2142 c.

272 2163 298 2208 2)
325 2164 518 2208 Augustas
552 2164 762 2210 appellatas
798 2175 883 2200 esse
910 2168 948 2200 et
973 2176 1046 2199 ma-

178 2224 269 2256 trem
296 2225 335 2256 et
358 2221 467 2256 filiam
494 2226 618 2257 narrat
642 2223 739 2258 idem
764 2223 839 2260 ibd.

272 2281 297 2322 ³)
324 2291 406 2315 cum
431 2281 585 2316 Tacitus
612 2281 634 2318 1.
661 2292 692 2318 c.
719 2282 816 2317 dicat
847 2290 880 2317 et
903 2284 1048 2317 additae

177 2339 449 2384 supplicationes
468 2342 696 2385 templumque
715 2340 969 2383 Fecunditatis,
989 2341 1047 2376 hic

178 2407 323 2443 quoque
353 2397 611 2434 Fecunditatis
651 2400 786 2434 mentio
825 2399 925 2434 facta
962 2410 1046 2434 esse

1116 1816 1255 1860 potest,
1288 1816 1328 1849 ut
1359 1825 1426 1861 pro
1467 1814 1648 1849 Felicitati
1677 1815 1911 1851 scribendum
1939 1815 1990 1850 sit

1117 1872 1153 1906 F
1151 1874 1352 1908 eeunditati.
1969 1886 1972 1889 ’

1210 1932 1238 1976 ⁴)
1265 1934 1312 1968 A.
1333 1933 1510 1968 Vitellius
1537 1945 1618 1969 cum
1643 1934 1898 1977 immolaverit,
1924 1945 1989 1970 no-

1117 2001 1199 2026 men
1231 1992 1310 2026 eius
1346 1992 1461 2038 primo
1494 1992 1577 2027 loco
1609 1993 1754 2028 videtur
1778 1994 1986 2040 ponendum

1117 2060 1201 2084 esse
1228 2050 1324 2085 inter
1350 2061 1414 2086 eos
1442 2052 1502 2096 qui
1528 2050 1734 2086 adfuerunt.

1167 2130 1170 2132 -
1212 2109 1238 2153 ⁵)
1272 2120 1351 2144 cum
1404 2120 1535 2144 nomen
1584 2111 1790 2156 requiratur
1822 2104 1985 2146 'hominis

1116 2168 1331 2210 cognomine
1358 2169 1529 2210 carentis,
1558 2179 1626 2203 nec
1646 2170 1692 2205 A.
1713 2169 1890 2204 Vitellius
1917 2170 1987 2205 hoc

1118 2225 1201 2260 loco
1227 2230 1451 2261 memoratus
1477 2237 1560 2262 esse
1586 2228 1726 2274 possit,
1759 2228 1903 2262 fratrem
1929 2239 1985 2263 re-

1117 2285 1199 2330 cepi
1238 2284 1282 2320 L.
1315 2285 1522 2326 Vitellium,
1562 2296 1779 2332 quamquam
1815 2287 1852 2320 in
1892 2287 1985 2321 actis

1117 2342 1205 2376 alibi
1231 2353 1302 2377 non
1330 2343 1547 2379 nominatur.

2048 298 2076 315 a.
2093 292 2126 316 63

2016 353 2101 387 April
2120 354 2176 379 10?
