2340 3658
354 181 409 224 48
1060 182 1209 219 Sacrum
1238 180 1330 217 deae
1357 180 1463 216 Diae.

355 296 556 347 appellato
585 294 732 335 Strabo
759 297 917 336 rettulit.
974 296 1170 336 Videntur
1195 297 1315 346 igitur
1343 297 1571 347 conspirare
1599 308 1647 336 ea
1675 308 1775 347 quae
1795 300 1874 335 tam
1903 295 1952 335 de
1980 299 2156 346 tempore

354 371 469 411 quam
498 359 545 397 de
571 359 660 397 loco
687 359 987 399 Ambarvalium
1016 362 1056 399 et
1083 359 1185 399 sacri
1215 359 1419 398 Arvalium
1447 361 1595 399 tradita
1624 360 1859 410 accepimus.

457 422 687 471 Videamus,
716 423 910 462 similesne
939 423 1082 462 fuerint
1117 423 1234 462 etiam
1269 423 1367 461 ritus
1401 424 1439 461 in
1480 424 1570 462 luco
1607 423 1656 462 ab
1687 423 1900 462 Arvalibus
1928 426 1967 460 et
1993 422 2032 460 in
2060 421 2158 472 ipsis

354 485 660 525 Ambarvalibus
689 486 889 525 celebrati.
944 486 1200 525 Ambarvalia
1239 498 1354 525 sacra
1390 491 1502 525 erant
1535 487 1586 525 ob
1621 486 1848 529 lustrandos
1883 497 2001 535 agros
2032 485 2159 533 facta;

354 549 623 587 lustrabantur
650 550 779 587 autem
807 549 911 598 agri,
947 561 1034 587 cum
1069 549 1175 588 circa
1207 561 1303 588 arva
1330 548 1578 588 ducebantur
1605 548 1778 598 hostiae,
1808 560 1909 600 quae
1934 547 2025 586 inde
2054 547 2158 586 dice-

353 612 496 650 bantur
537 612 783 651 ambarvales
826 611 897 663 (cf.
926 611 1088 651 Servius
1125 614 1177 650 ad
1211 613 1318 662 Very.
1348 612 1432 650 Ea.
1461 611 1597 662 5‚75).
1654 612 1759 650 Fieri
1800 611 1980 650 solebant
2020 621 2159 649 suove-

354 674 571 714 taurilibus.
626 675 685 713 De
713 675 773 713 his
803 678 942 724 agetur
969 675 1138 724 uberius,
1169 675 1234 714 ubi
1263 675 1312 714 de
1340 675 1507 726 piaculis
1536 687 1751 726 exponam:
1780 669 1842 713 hic
1863 673 2033 713 sufficiat
2060 677 2160 712 attu-

354 738 447 777 lisse
475 737 595 776 verba
622 736 732 776 Festi
762 736 816 788 (p.
840 738 914 776 293
943 737 1003 775 ed.
1033 737 1088 776 M.
1119 749 1149 776 S.
1178 737 1250 788 v.):
1277 739 1500 777 solitaurilia
1526 738 1727 776 hostiarum
1748 740 1854 778 trium
1873 739 2006 776 diversi
2021 739 2162 788 ¹ueneris

352 802 629 838 immolationem
655 803 876 850 sigymflcant,
919 803 1036 847 tauri,
1065 804 1206 849 arietis,
1239 805 1355 841 verris
1382 805 1469 851 cet„
1497 805 1536 840 et
1567 800 1734 840 Catonis
1764 800 1809 853 (r.
1831 814 1863 840 r.
1887 798 1994 850 141):
2033 812 2163 850 aqram

355 865 510 901 lustrare
535 866 587 901 sie
615 871 764 914 oportet.
801 867 943 914 impera
975 867 1237 903 suovetaurilia
1264 867 1463 915 circumaqi
1488 896 1494 903 .
1516 893 1524 902 .
1552 896 1559 903 .
1582 894 1589 902 .
1616 896 1623 903 .
1647 896 1654 903 .
1681 865 1743 902 ubi
1763 876 1921 914 porcum
1946 863 2163 910 immolabis,

355 941 486 977 aymam
514 929 749 976 vitulamque,
783 930 835 964 sic
864 933 1003 977 oportet
1030 932 1101 967 cet.
1145 927 1249 966 unde
1283 927 1323 965 in
1359 927 1657 967 lustrationibus
1694 931 1859 977 apparet
1896 926 2164 972 circumvarva

355 990 492 1028 ductos
523 1001 609 1028 esse
637 1001 800 1040 porcum
829 994 868 1028 et
896 1002 1038 1040 agnum
1067 995 1106 1030 et
1134 991 1304 1030 vitulum.
1348 991 1433 1029 Iam
1462 1002 1553 1029 vero
1581 989 1794 1029 notandum
1818 993 1890 1038 est,
1919 1001 2005 1028 cum
2033 993 2163 1029 aetate

357 1053 574 1104 antiquiore
619 1052 657 1090 in
702 1053 920 1092 lustrandis
968 1053 1074 1101 agris
1121 1054 1238 1093 Marti
1283 1054 1530 1104 potissimum
1575 1054 1839 1092 immolaretur
1866 1051 1991 1103 (Cato
2018 1052 2043 1091 l.
2061 1064 2094 1092 c.
2113 1053 2163 1091 cf.

356 1117 506 1154 Preller
533 1116 557 1155 l.
580 1128 611 1154 e.
641 1128 679 1166 p.
701 1114 814 1165 370),
851 1117 1067 1167 posteriore
1104 1120 1234 1156 aetate
1273 1117 1411 1156 Cereri
1444 1117 1605 1156 tutelam
1633 1128 1813 1166 agrorum
1848 1116 2032 1154 tributam
2073 1126 2162 1155 esse

353 1179 418 1230 (cf.
449 1179 600 1228 Vergil.
632 1180 766 1229 Geory.
798 1180 820 1218 l.
844 1191 878 1218 c.
908 1183 947 1218 et
985 1179 1139 1218 Preller
1164 1181 1188 1218 Ι.
1210 1192 1242 1219 c.
1272 1192 1308 1231 p.
1329 1179 1441 1231 372):
1482 1180 1615 1230 itaque
1656 1191 1729 1230 pro
1772 1180 1944 1218 maribus
1985 1178 2164 1229 victimis,

354 1255 453 1293 quas
481 1241 594 1280 Marti
627 1242 842 1281 sacrificari
870 1242 930 1282 fas
961 1246 1084 1292 esset,
1122 1255 1171 1281 ex
1207 1244 1489 1283 consuetudine
1517 1243 1711 1292 Romana,
1740 1255 1819 1293 qua
1846 1242 1997 1282 deabus
2024 1242 2163 1282 hostiis

353 1306 617 1345 immolaretur
644 1306 811 1354 feminis,
839 1306 877 1343 in
908 1305 1214 1344 Ambarvalibus
1244 1319 1398 1358 quoque
1418 1307 1584 1345 feminae
1606 1306 1841 1345 substitutae
1870 1308 1970 1356 sunt,
1997 1305 2038 1343 id
2057 1304 2165 1356 quod

353 1373 487 1419 aperte
517 1373 684 1408 testatur
727 1369 886 1407 Servius
932 1367 1000 1419 (ad
1035 1369 1168 1420 Geory.
1194 1371 1225 1418 1,
1245 1370 1356 1420 345),
1395 1382 1483 1408 cum
1519 1370 1741 1408 Ambarvale
1779 1369 1916 1408 scribit
1946 1370 2164 1419 sacrficium

355 1433 455 1480 quod
481 1433 524 1469 de
547 1446 670 1482 porea
696 1439 729 1470 et
753 1445 861 1483 saepe
888 1432 1056 1482 fecunda
1091 1438 1123 1470 et
1147 1434 1309 1482 qravida
1326 1435 1414 1483 fieri
1441 1439 1682 1471 consueverat.
1738 1431 1903 1471 Sacrum
1931 1436 2059 1472 autem
2087 1431 2164 1470 Ar-

354 1494 495 1533 valium
526 1495 602 1534 diei
631 1495 792 1534 secundi
821 1500 940 1535 antea
968 1496 1134 1535 vidimus
1164 1495 1288 1535 tribus
1314 1496 1562 1547 potissimum
1590 1495 1817 1535 constitisse
1839 1493 2054 1544 sacrificiis,
2076 1506 2164 1532 cum

354 1570 499 1608 porcae
528 1559 820 1598 immolarentur
858 1564 898 1598 et
939 1572 1063 1599 vacca
1112 1564 1152 1598 et
1191 1571 1297 1609 agna
1337 1559 1488 1610 opima,
1522 1562 1565 1598 ut
1597 1559 1748 1598 hostiae
1784 1558 1884 1598 sacri
1927 1557 2025 1596 deae
2064 1557 2165 1596 Diae

354 1622 470 1671 plane
497 1622 765 1673 respondeant
797 1622 938 1662 hostiis
977 1624 1027 1662 ob
1063 1621 1288 1661 lustrandos
1325 1634 1444 1672 agros
1478 1622 1598 1661 Marti
1633 1622 1860 1670 immolatis,
1889 1633 1988 1672 quae
2016 1632 2160 1672 porcus

354 1691 466 1723 erant
494 1689 533 1723 et
560 1698 684 1736 agnus
714 1685 950 1737 Vitulusque.
1004 1687 1092 1725 Dea
1127 1689 1257 1724 autem
1292 1685 1370 1724 Dia
1405 1685 1543 1725 eadem
1578 1686 1658 1724 fere
1700 1685 1873 1724 creditur
1899 1685 2017 1724 fuisse
2047 1687 2164 1735 atque

355 1748 496 1787 Ceres:
524 1749 657 1799 itaque
687 1748 719 1786 si
748 1752 878 1788 aetate
900 1750 1118 1800 posteriore
1142 1748 1266 1787 Ceres
1288 1747 1431 1787 Martis
1451 1749 1540 1788 loco
1560 1749 1598 1787 in
1618 1749 1926 1788 Ambarvalibus
1948 1747 2164 1797 colebatur,
2234 1739 2238 1742 Δ

354 1812 466 1850 deam
497 1813 662 1851 eandem
690 1813 727 1850 in
757 1812 816 1851 his
846 1818 964 1863 atque
999 1813 1036 1851 in
1073 1824 1187 1851 sacro
1216 1811 1417 1850 Arvalium
1443 1811 1604 1851 multam
1639 1823 1725 1850 esse
1764 1812 1940 1851 efficitur.
1997 1810 2164 1850 Ambar-

355 1875 459 1914 valia
488 1875 608 1924 igitur
635 1880 674 1914 et
701 1887 855 1914 sacrum
884 1876 1110 1925 Arvalium,
1145 1886 1231 1913 cum
1267 1873 1364 1912 deae
1400 1874 1525 1912 eidem
1562 1874 1701 1913 iisdem
1730 1874 1895 1913 victimis
1925 1874 2166 1913 celebratum

355 1938 416 1987 sit,
461 1938 630 1977 dubitari
666 1939 800 1988 nequit
830 1939 923 1989 quin
954 1939 1112 1977 diversa
1140 1950 1217 1976 non
1258 1937 1412 1978 fuerint.
1452 1937 1623 1977 Accedit
1650 1937 1818 1988 denique
1846 1936 1958 1976 testis
1987 1937 2165 1988 locuples

360 2002 521 2050 Festus,
560 2001 667 2040 cuius
706 2002 812 2052 apud
850 2002 1113 2040 breviatorem
1154 2001 1201 2051 (s.
1226 2014 1258 2039 v.
1282 2001 1523 2040 Ambarvales
1549 2014 1587 2052 p.
1608 2003 1630 2040 5
1651 2001 1711 2039 ed.
1734 2002 1808 2052 M.)
1836 2001 1957 2040 verba
1981 2000 2168 2051 leguntur

355 2064 471 2102 haec:
509 2066 737 2103 ambare-ales
772 2067 910 2103 hostiae
946 2066 1178 2112 dicebantur,
1215 2077 1307 2114 quae
1337 2077 1407 2115 pro
1436 2067 1535 2103 arvis
1563 2078 1587 2102 a
1614 2065 1752 2103 duobus
1769 2065 1955 2115 fratribus
1980 2066 2166 2114 sacrifica-

355 2129 486 2165 bantur
495 2143 509 2175 ,-
535 2132 642 2166 rccte
672 2129 772 2166 enim
800 2130 852 2167 ibi
882 2129 975 2167 mihi
1003 2129 1185 2167 videntur
1212 2126 1420 2167 emendata
1447 2139 1535 2166 esse
1557 2128 1678 2167 verba
1705 2141 1730 2165 a
1756 2128 1896 2166 duobus
1913 2127 2099 2178 fratribus
2125 2127 2164 2165 in

356 2204 380 2227 a
407 2193 595 2229 decocleeim
613 2193 811 2241 fratribus,
839 2197 882 2231 ut
910 2191 1191 2241 intellegantur
1214 2191 1400 2240 Arvales,
1428 2190 1494 2241 qui
1524 2190 1599 2229 soli
1628 2191 1781 2229 nomine
1810 2191 1972 2230 fratrum
1996 2190 2056 2229 usi
2077 2194 2169 2229 sunt

357 2255 423 2304 (cf.
467 2255 685 2293 Exordium
723 2267 760 2305 p.
791 2255 840 2306 I).
897 2255 1002 2294 Sane
1044 2255 1265 2294 emendatio
1306 2255 1374 2293 illa
1413 2265 1486 2292 nec
1535 2254 1706 2292 Miillero
1750 2253 1818 2304 (ad
1859 2254 2018 2292 Paulum
2057 2255 2166 2293 Diae.

354 2319 378 2356 l.
401 2318 449 2366 c.)
478 2318 627 2367 placuit
661 2330 733 2356 nec
768 2318 1046 2369 Marqnardtio
1074 2318 1137 2369 (R.
1158 2319 1206 2357 A.
1235 2320 1260 2356 4
1287 2330 1324 2369 p.
1344 2318 1435 2367 418)
1464 2329 1534 2356 nec
1556 2317 1728 2355 Prellero
1756 2317 1816 2366 (R.
1839 2318 1895 2355 M.
1915 2329 1953 2367 p.
1969 2316 2044 2356 370
2063 2330 2098 2356 n.
2119 2319 2166 2368 l),
2196 2351 2199 2353 ,

356 2381 422 2431 qui
451 2393 523 2431 pro
559 2394 583 2418 a
619 2381 759 2418 duobus
783 2382 971 2431 fratribus
1011 2381 1260 2420 scribendum
1301 2392 1388 2420 esse
1431 2380 1684 2419 coniecerunt
1725 2387 1832 2431 atque
1863 2381 2056 2432 fruqibus,
2095 2393 2168 2420 nec

356 2443 623 2483 Hirschfeldio
654 2444 718 2494 qui
749 2457 873 2495 nuper
911 2445 1025 2494 (Gott.
1059 2444 1136 2483 Gel.
1167 2444 1257 2484 Anz.
1291 2446 1388 2483 1869
1421 2455 1459 2494 p.
1490 2444 1602 2493 1502)
1636 2443 1845 2494 legendum
1881 2444 2088 2496 proposuit
2123 2458 2168 2484 ao

355 2510 459 2545 novis
477 2509 670 2558 frugibus:
702 2507 771 2545 sed
800 2520 876 2558 ego
905 2507 1100 2546 assentior
1118 2508 1366 2546 Mommseno
1388 2506 1576 2558 (Chronol.
1606 2506 1666 2545 ed.
1688 2508 1712 2545 2
1740 2519 1777 2558 p.
1800 2506 1847 2546 70
1877 2519 1912 2546 n.
1933 2509 2017 2558 990)
2037 2519 2165 2547 emen-

358 2570 557 2609 dationem
587 2575 756 2609 veterem
786 2571 921 2610 tuenti.
978 2570 1086 2611 Satis
1115 2572 1234 2621 igitur
1260 2571 1416 2610 videtur
1444 2570 1751 2608 demonstratum
1781 2582 1867 2609 esse
1896 2582 2011 2611 sacra
2038 2572 2166 2611 Arva·

355 2634 447 2671 lium
476 2634 525 2672 ab
555 2634 861 2673 Ambarvalibus
893 2646 969 2672 non
999 2633 1156 2673 diversa
1183 2635 1316 2673 fuisse.
1357 2634 1473 2673 Licet
1492 2636 1621 2672 autem
1648 2634 1686 2672 in
1715 2634 2023 2674 Ambarvalibus
2042 2633 2165 2673 Ceres

357 2697 560 2747 paullatim
589 2698 726 2736 Martis
754 2698 881 2736 locum
912 2697 1133 2747 obtinuerit,
1162 2698 1212 2736 ab
1235 2698 1448 2737 Arvalibus
1470 2708 1561 2736 vero
1590 2709 1662 2746 pro
1689 2696 1830 2736 Cerere
1861 2697 1936 2735 dea
1963 2697 2042 2736 Dia
2060 2698 2169 2738 culta

359 2759 422 2808 sit,
449 2771 495 2797 ne
524 2759 561 2797 in
591 2759 726 2798 horum
764 2761 921 2811 quidem
958 2760 1081 2798 sacris
1117 2760 1254 2800 Martis
1293 2760 1478 2810 memoria
1507 2761 1660 2811 penitus
1690 2761 1853 2810 interiit,
1895 2772 1981 2799 cum
2009 2772 2167 2800 carmen

359 2823 689 2874 antiquissimum,
725 2824 831 2875 quod
868 2823 1113 2873 tripodantes
1148 2825 1317 2863 Arvales
1354 2824 1517 2863 vidimus
1554 2823 1592 2862 in
1621 2823 1720 2863 aede
1750 2823 1846 2862 deae
1876 2824 1975 2863 Diae
2005 2823 2167 2873 dixisse,

359 2898 502 2935 magna
530 2898 578 2924 cx
607 2892 718 2938 parte
748 2887 798 2926 ad
827 2887 997 2927 Martem
1026 2887 1232 2936 pertineat.

2326 755 2340 788 ’Ἰ

2329 789 2340 838 ,ζ

2328 838 2340 880 Ξ

2329 880 2340 908 ἐ

2332 909 2340 932 i

2335 935 2340 942 .

2330 964 2340 974 fl*
