2340 3658
1018 159 1229 198 Exordium.
1932 173 2022 200 xvir

221 277 366 322 TRICi
403 277 588 320 dicatum
625 277 908 332 fragmentum
947 275 1134 319 ostendit
1169 275 1457 332 inscriptionis
1495 275 1644 318 litteris
1675 273 1945 317 Damasianis
1975 273 2020 315 in

222 346 423 403 epistylio
460 358 697 387 marmoreo
733 348 948 387 exaratae.
1007 345 1157 399 Neque
1193 345 1252 387 ita
1280 345 1411 387 multo
1442 348 1538 399 post
1567 343 1675 386 muri
1704 343 1747 385 in
1786 343 1920 384 lucem
1951 355 2020 383 ve-

220 419 372 460 nerunt
401 418 444 456 et
471 412 631 468 gradus
661 413 857 467 aedificii,
889 412 1004 467 quod
1033 426 1162 468 opere
1192 413 1358 456 musivo
1390 412 1634 455 decoratum
1666 411 1799 454 fuisse
1821 411 2019 453 tessellae

219 482 463 526 indicarunt
501 482 663 525 vitreae
697 495 899 538 sparsae,
939 481 1020 523 sub
1060 482 1305 537 pavimento
1341 486 1483 523 autem
1520 481 1613 523 eius
1653 493 1865 534 area-eque
1905 477 2019 520 haud

222 565 361 608 pauca
389 555 560 607 reperta
589 555 688 593 sunt
716 550 916 606 sepulcra
945 549 1149 605 inscripta
1178 550 1325 604 titulis,
1357 563 1465 604 quos
1494 550 1631 592 forma
1662 549 1894 590 litterarum
1924 560 2019 588 con-

218 621 416 663 sulumve
445 619 618 662 nomina
646 623 796 674 quarto
827 631 956 660 aerae
984 617 1242 660 christianae
1269 618 1440 660 saeculo
1479 617 1726 661 tribuendos
1763 629 1857 658 esse
1894 615 2019 656 docu-

218 692 353 732 erunt.
412 688 466 730 Et
501 686 580 730 hos
618 686 790 743 quidem
829 691 927 729 ante
963 687 1177 730 destructa
1212 686 1431 728 Arvalium
1468 687 1658 728 sacraria
1695 688 1894 728 exaratos
1925 695 2019 725 esse

218 756 319 800 inde
361 755 617 812 apparebat,
655 755 771 810 quod
807 756 852 797 in
888 755 1051 798 aversis
1087 755 1245 797 tabulis
1281 754 1401 797 nulla
1435 755 1653 797 Arvalium
1690 758 1786 796 acta.
1814 751 2021 806 inscripta

218 829 328 868 sunt.
360 823 587 882 'Proxime
625 828 765 866 autem
803 825 1034 867 oratorium
1073 823 1376 866 Damasianum
1413 827 1538 879 porta
1571 822 1798 864 erudera-ta
1834 824 1898 862 est
1928 832 2020 861 coe—

219 893 385 936 meterii
413 892 693 947 subterranei,
724 893 768 935 in
797 892 978 948 ipsoque
1007 891 1131 934 huius
1163 891 1370 934 descensu
1400 892 1445 933 in
1475 891 1638 946 pariete
1668 890 1815 932 dextro
1837 889 2021 942 vestigia,

216 966 388 1018 reperta
407 965 504 1003 sunt
524 965 933 1016 monogrammatum
954 960 1277 1004 christianorum
1299 961 1438 1003 forma
1459 960 1555 1002 hac:
1594 954 1668 1017 ἐξ,
1693 960 1793 1001 item
1822 957 2020 1001 columba

216 1030 503 1074 ramusculum
533 1043 607 1072 ore
635 1043 805 1084 gerens.
833 1031 884 1072 In
914 1029 1053 1085 prima
1082 1043 1184 1071 vero
1217 1034 1367 1086 crypta
1396 1029 1439 1070 in
1467 1028 1635 1083 pariete
1659 1031 1832 1069 externo
1853 1026 2019 1082 apsidis

218 1099 437 1144 cuiusdam
467 1097 785 1140 semirotundae
814 1102 960 1154 pastor
990 1098 1127 1140 bonus
1162 1098 1315 1140 visitur
1345 1097 1563 1152 syringem
1593 1095 1747 1152 pecudi
1778 1100 2019 1137 monstrans

216 1171 443 1224 tunicaque
464 1166 644 1209 vestitus
667 1167 861 1210 crucibus
885 1180 995 1221 quae
1016 1166 1213 1209 dicuntur
1233 1166 1458 1220 gemmatis
1490 1165 1662 1219 insigni,
1694 1168 1795 1206 ante
1825 1163 2019 1219 apsidem

219 1242 360 1280 autem
400 1237 445 1278 in
482 1236 724 1292 pavimento
761 1236 920 1278 lamina
957 1240 1047 1278 erat
1082 1249 1243 1289 magna
1282 1247 1522 1276 marmorea
1550 1233 1701 1275 litteris
1731 1233 1928 1288 pessimis
1957 1232 2018 1274 in-

219 1305 493 1362 scriptionem
531 1302 735 1347 exhibens
772 1318 885 1346 anno
914 1305 998 1347 384
1029 1307 1260 1346 exaratam.
1321 1303 1420 1344 Mox
1450 1303 1493 1344 in
1522 1302 1716 1345 cubiculo
1746 1300 1932 1355 quodam
1962 1299 2019 1341 ad

215 1374 431 1417 sinistram
480 1373 678 1415 intrantis
728 1372 811 1414 sito
863 1372 1031 1427 pictura
1075 1371 1241 1414 detecta
1285 1376 1350 1413 est
1394 1370 1547 1412 aetatis
1590 1371 1720 1413 multo
1771 1368 2020 1426 posterioris

215 1442 426 1486 Christum
471 1440 701 1483 ostendens
746 1440 790 1482 in
835 1440 1045 1482 cathedra
1088 1440 1307 1482 sedentem
1349 1439 1461 1482 inter
1500 1444 1670 1481 sanctos
1711 1443 1909 1494 quattuor
1945 1437 2018 1490 qui

214 1525 394 1554 coronas
414 1509 612 1552 manibus
634 1513 817 1564 portant,
845 1523 1024 1564 quorum
1045 1508 1211 1550 duobus
1231 1508 1407 1550 nomina
1425 1507 1565 1549 adhuc
1584 1508 1780 1561 leguntur
1800 1507 2020 1561 adscripta

216 1580 491 1624 Faustiniano
524 1582 567 1620 et
595 1578 841 1634 Rufiniano3
871 1578 1021 1620 tertiae
1051 1577 1227 1618 Viatrici
1258 1590 1413 1619 nomen
1442 1576 1574 1619 fuisse
1605 1576 1799 1631 expletae
1824 1589 1876 1617 ex
1896 1575 2018 1617 titulo

215 1648 404 1705 epistylii
448 1646 656 1701 reliquiae
702 1647 1006 1689 demonstrant.
1092 1646 1259 1688 Viatrix
1307 1659 1358 1687 ea
1412 1645 1502 1687 sive
1547 1644 1721 1686 Beatrix
1770 1657 1892 1685 soror
1940 1643 2018 1684 fuit

215 1715 423 1772 Simplicii
451 1720 494 1758 et
522 1715 715 1757 Faustini
745 1720 991 1770 martyrum,
1023 1715 1095 1769 qui
1125 1728 1220 1757 cum
1250 1719 1426 1756 mortem
1457 1714 1575 1769 passi
1604 1718 1746 1755 essent
1766 1712 1809 1753 in
1830 1711 2019 1753 Tiberim

214 1783 498 1841 praecipitati,
529 1784 684 1839 sepulti
715 1789 812 1827 sunt
842 1784 887 1825 in
915 1783 1168 1826 coemeterio
1201 1783 1448 1826 Generosae
1479 1784 1535 1823 ad
1562 1788 1723 1823 sextum
1754 1782 1943 1833 Philippi,
1974 1780 2018 1821 in

214 1867 299 1908 quo
331 1857 373 1895 et
401 1852 497 1908 ipsa
526 1852 693 1894 Viatrix
724 1852 921 1908 deposita
952 1857 1028 1894 est.
1089 1851 1337 1894 Generosae
1366 1864 1462 1893 esse
1502 1850 1799 1892 coemeterium
1838 1850 1882 1891 in
1922 1850 2017 1891 luco

215 1921 437 1964 Arvalium
474 1924 685 1976 repertum
723 1920 865 1963 docuit
902 1921 1080 1964 Rossius
1103 1921 1145 1975 ¹).
1212 1922 1276 1962 De
1313 1921 1487 1962 invento
1525 1919 1603 1961 hoc
1644 1918 1897 1961 coemeterio
1935 1931 2019 1960 cer-

216 1990 345 2033 tiores
389 1989 491 2032 facti
535 1988 764 2031 cardinalis
809 1989 1003 2032 vicarius
1046 1990 1198 2032 summi
1233 1988 1444 2044 pontificis
1483 1987 1639 2041 quique
1680 1992 1777 2029 tunc
1829 2000 1924 2028 cum
1968 2000 2018 2028 co

215 2058 540 2113 antiquitatibus
570 2057 811 2100 christianis
842 2058 887 2100 in
907 2058 1011 2100 urbe
1033 2058 1267 2114 praepositi
1291 2062 1424 2111 erant,
1446 2060 1619 2111 cryptas
1639 2069 1713 2097 eas
1734 2054 2020 2110 explorandas

216 2132 440 2182 curarunt,
478 2141 586 2182 quas
615 2127 806 2182 integras
843 2126 1096 2169 invenerunt
1125 2132 1167 2168 et
1196 2126 1301 2168 satis
1330 2125 1518 2180 amplaS,
1551 2124 1846 2180 pauperrimas
1877 2127 2018 2164 tamen

217 2201 260 2238 et
287 2196 511 2238 destitutas
532 2196 644 2238 omni
667 2196 757 2238 fere
778 2200 931 2238 ornatu
951 2209 978 2237 a
999 2194 1214 2238 veteribus
1236 2194 1479 2236 christianis
1500 2193 1543 2234 in
1564 2193 1735 2234 urbanis
1757 2191 2020 2234 coemeteriis

215 2270 434 2320 usurpato.
498 2264 712 2307 Oarebant
741 2265 852 2306 enim
882 2264 1229 2319 inscriptionibus
1260 2263 1386 2305 loculi
1418 2275 1556 2318 paene
1587 2273 1753 2314 omncs,
1785 2260 1916 2302 clausi
1946 2260 2019 2300 im-

217 2333 403 2376 bricibus
432 2333 531 2375 hinc
560 2333 678 2375 illinc
706 2333 912 2388 advectis,
943 2337 988 2374 ut
1018 2332 1243 2387 signacula
1273 2331 1554 2373 offiicinarum
1578 2330 1692 2371 claro
1716 2327 2018 2370 ostendebant:

217 2416 297 2445 vas
332 2402 494 2444 nullum
524 2401 586 2444 ibi
616 2403 697 2444 fuit
732 2415 810 2445 nec
847 2402 1029 2444 vitreum
1058 2415 1136 2444 nee
1167 2401 1338 2443 coctile:
1376 2400 1485 2441 inter
1514 2399 1708 2440 lucernas
1740 2411 1825 2439 nna
1856 2401 2016 2438 tantum

220 2471 466 2527 anaglypho
512 2471 717 2526 insignis:
762 2469 1104 2525 anaglyphorum
1142 2470 1367 2523 coctilium,
1400 2467 1554 2523 quibus
1590 2466 1796 2508 memoria.
1839 2465 2020 2519 sepulcri

220 2545 477 2594 servaretur,
501 2541 544 2581 in
566 2540 682 2582 calce
703 2540 790 2581 fixa
810 2539 1050 2593 fragmenta
1069 2551 1219 2593 pauca.
1257 2539 1305 2579 In
1328 2538 1443 2579 calce
1464 2536 1530 2578 hic
1554 2535 1639 2576 illic
1661 2534 1841 2589 graphio
1863 2534 2022 2588 scripta

221 2610 392 2651 fuerunt
429 2612 800 2662 monogrammata
836 2606 1017 2648 nominis
1053 2605 1209 2648 Christi
1247 2605 1368 2648 varie
1399 2605 1603 2658 formata,
1635 2603 1846 2645 interdum
1876 2615 2021 2643 cruces

221 2677 357 2719 hastis
388 2676 479 2718 fere
509 2676 771 2730 aequalibus,
804 2675 1100 2730 inscriptiones
1131 2675 1174 2716 in
1201 2675 1316 2716 calce
1347 2678 1548 2715 exaratae
1579 2684 1755 2727 paucae,
1789 2684 1839 2712 ex
1867 2670 2021 2724 quibus

218 2757 305 2788 uua
335 2758 494 2786 annum
525 2745 720 2786 enuntiat
749 2745 968 2786 consulum
998 2742 1180 2785 Modesti
1211 2748 1251 2784 et
1272 2742 1479 2795 Arinthei,
1512 2741 1583 2794 qui
1614 2744 1678 2782 est
1706 2740 1789 2782 :372
1810 2753 1850 2794 p.
1873 2739 2020 2785 Chr.²).

219 2813 498 2856 Memorabile
527 2817 667 2854 autem
698 2816 763 2865 est
793 2826 846 2855 ne
877 2813 921 2853 in
953 2812 1031 2854 hoc
1062 2810 1234 2865 quidem
1265 2809 1515 2853 coemeterio
1547 2808 1767 2850 Arvalium
1798 2808 1928 2849 ullam
1960 2820 2022 2849 re-

219 2887 382 2938 pertam
420 2894 518 2923 esse
554 2879 743 2922 tabulam
780 2880 837 2922 ad
873 2879 1271 2938 loculoshtegendos
1301 2877 1549 2931 adhibitam,
1582 2876 1657 2918 scd
1688 2889 1738 2917 ex
1771 2875 2021 2929 fragmentis

219 2949 388 2993 duobus
433 2950 477 2991 in
519 2962 570 2991 eo
611 2948 778 2990 effossis
817 2948 994 2990 alterum
1026 2948 1257 2990 inservisse
1292 2947 1348 2989 ad
1383 2947 1569 2988 loculum
1607 2949 1747 2986 aetate
1787 2943 2022 2998 posteriore

219 3017 565 3070 restaurandum,
611 3016 788 3058 alterum
834 3017 878 3058 in
915 3030 1017 3058 arca
1052 3017 1269 3058 inventum
1307 3027 1400 3057 esse
1439 3015 1516 3056 sub
1559 3013 1802 3069 pavimento
1840 3012 2019 3066 sepulta.

220 3085 345 3128 Unde
382 3085 679 3128 coemeterium
717 3098 885 3138 quoquc
914 3085 1239 3127 subterraneum
1269 3083 1540 3125 manifestum
1572 3087 1635 3123 cst
1666 3080 1901 3122 institutum
1931 3092 2020 3120 cor-

218 3153 476 3209 poribusque
506 3154 714 3209 repletum
746 3165 842 3194 esse
870 3157 972 3195 ante
1002 3152 1144 3195 deleta
1172 3152 1254 3194 luci
1286 3156 1571 3193 monumenta.

315 3259 340 3300 ¹)
368 3258 461 3293 Ball.
487 3259 527 3292 di
551 3260 645 3293 arch.
672 3260 770 3293 crist.
799 3260 887 3295 1869
913 3259 935 3294 l.
961 3269 992 3296 c.
1245 3258 1271 3278 ²⁸
1298 3258 1320 3292 l.
1347 3269 1378 3292 c.
1405 3269 1438 3303 p.
1460 3257 1513 3292 13-

287 3333 389 3361 ACTA
415 3335 504 3361 ARV.

1693 3314 1719 3354 Nu
