2340 3658
359 159 442 201 214

358 274 686 310 Pontificatus
712 274 853 310 Neroni
881 274 988 308 datus
1015 285 1046 308 a.
1065 274 1122 315 51,
1148 284 1229 308 cum

405 335 531 378 togam
545 332 685 368 virilem
703 335 865 367 sumeret
875 333 936 374 673
954 351 990 356 —
1010 331 1231 366 sacrificium

408 391 456 426 ob
476 411 515 416 —
537 391 698 426 Neronis
717 393 779 433 (363
799 411 840 416 —
860 390 1095 424 maximus:
1117 389 1230 424 sacri-

408 448 528 484 ficium
556 450 603 485 ob
637 449 787 484 comitia
817 448 1052 495 pontificatus
1085 447 1232 482 maximi

412 507 569 543 Othonis
597 509 652 543 (37.
674 528 710 532 —
741 507 966 542 Pontifex
991 507 1231 541 maximus:

411 566 550 601 creatio
572 567 649 601 eius
669 578 690 600 a
708 566 868 611 collegio
886 564 932 600 ad
948 565 1099 600 comitia
1113 568 1232 600 trans-

411 625 488 658 lata
512 626 574 665 (583
603 644 646 649 ——
680 627 805 659 aetate
839 624 1100 670 imperatorum
1127 635 1149 658 a
1176 634 1234 658 se-

410 688 495 717 natu
522 686 668 717 creatus
694 683 766 716 ibcl.

364 743 587 787 Poppaea
606 742 729 785 Aug,
757 740 863 776 diva
891 762 908 765 -
934 753 942 774 :
972 740 1179 775 immolatur
1203 740 1237 774 ei

419 800 465 835 ob
492 800 682 846 imperium
710 799 871 834 Neronis
897 800 952 835 72.

366 859 546 893 Por-cae
597 857 806 904 piaculares
860 857 1093 893 immolantur
1142 857 1238 892 sacri

413 916 604 952 Arvalium
632 915 690 950 die
709 915 886 959 secundo,
910 918 1107 962 antequam
1125 926 1240 951 vacca

412 976 620 1011 immoletur
639 976 682 1010 19
702 986 826 1022 seqq.;
846 996 889 1002 -
910 968 1241 1010 eo'mmemorantur

413 1036 565 1081 primum
596 1035 633 1069 in
661 1035 756 1069 actis
787 1046 819 1070 a.
845 1035 891 1070 59
916 1034 1005 1075 ibd.;
1034 1053 1073 1059 —
1110 1034 1236 1069 immo-

414 1095 535 1129 lantur
560 1095 643 1129 luco
672 1093 897 1139 coinquendi
929 1095 967 1127 et
998 1093 1121 1139 operis
1148 1092 1237 1127 faci-

417 1153 502 1188 endi
529 1155 586 1196 20,
613 1173 657 1178 „-
685 1153 731 1187 ob
752 1152 835 1186 ferri
860 1151 1075 1186 inlationem
1102 1153 1139 1186 et
1165 1150 1238 1186 ela-

415 1213 553 1248 tionem
580 1212 659 1247 135.

370 1271 612 1307 Porciliae
637 1269 926 1316 piaculares:
956 1268 1151 1315 epulantur
1177 1279 1241 1304 eas

416 1329 633 1365 sacerdotes
659 1330 702 1365 21
730 1329 796 1370 22;
836 1349 875 1353 —-
917 1327 1155 1364 immolantur
1194 1327 1241 1363 ob

416 1388 503 1423 ferri
529 1388 745 1422 inlationem
773 1389 811 1422 et
836 1387 1038 1422 elationem
1066 1387 1145 1423 135.

370 1448 570 1483 Praeire
591 1448 611 1481 7
637 1447 704 1482 119
731 1447 816 1488 1203
845 1466 886 1471 —
914 1457 1047 1482 nomen
1074 1448 1154 1482 eius
1181 1448 1244 1494 qui

418 1505 541 1552 praeit
586 1505 623 1539 in
675 1506 769 1540 actis
813 1505 1030 1541 indictionis
1069 1506 1251 1541 omittitur

419 1564 506 1599 inde
534 1563 579 1598 ab
606 1575 638 1598 a.
657 1564 700 1599 87
728 1564 767 1605 7;
794 1582 838 1588 -
863 1565 983 1610 praeit
1001 1565 1164 1607 Arvalis‚
1191 1565 1244 1599 in-

421 1622 514 1658 dicit
538 1622 716 1667 magister
741 1622 832 1663 ibd.;
852 1641 895 1647 —
923 1622 1045 1668 praeit
1070 1624 1247 1669 magister

420 1682 488 1716 ibcl.

374 1739 676 1776 Praesidere:
704 1738 922 1785 praesident
947 1739 984 1773 in
1011 1739 1110 1774 circo
1137 1739 1246 1775 modo

421 1799 563 1846 plures,
598 1797 708 1834 modo
735 1798 931 1844 pauciores
965 1799 1010 1833 36
1044 1799 1088 1834 37
1114 1799 1179 1840 383
1205 1818 1248 1824 —-

423 1858 470 1893 ad
500 1860 638 1893 cretam
664 1857 719 1893 37.

377 1918 494 1953 Prae
507 1919 668 1952 textae
699 1915 892 1950 Arvalium
919 1916 981 1959 113
1011 1936 1051 1942 -
1080 1916 1252 1952 sacerdo-

424 1980 499 2012 tum
527 1976 587 2019 14,
615 1995 658 2001 -
686 1985 750 2009 eas
770 1973 961 2020 deponunt
980 1976 1022 2011 11
1041 1976 1098 2016 21,
1126 1995 1168 2000 —
1190 1985 1250 2010 ac-

424 2036 568 2082 cipiunt
592 2036 649 2076 21,
675 2054 719 2059 -
746 2036 894 2069 sumunt
918 2035 977 2072 28.

377 2096 578 2130 Praetor
603 2093 794 2129 Arvalium
821 2103 943 2128 errore
971 2093 1156 2128 admissus
1183 2092 1251 2128 VI.

378 2153 602 2190 Precatio
621 2152 872 2199 cooptationis
892 2152 1043 2187 fratrum
1061 2151 1252 2187 Arvalium

428 2213 497 2249 154
521 2213 602 2248 155.

379 2271 720 2316 Promagister,
746 2269 804 2305 vel
821 2279 944 2305 curam
959 2279 1075 2315 agens
1094 2268 1153 2304 vel
1171 2269 1252 2304 vice

434 2330 601 2375 magistri
626 2329 782 2374 fungens
808 2329 1014 2363 nominatur
1039 2340 1061 2363 a
1079 2329 1256 2374 magistro

428 2389 503 2431 1V;
535 2408 574 2413 —
603 2388 726 2434 plures
745 2387 983 2433 promagistri
1002 2398 1097 2422 anno
1124 2386 1254 2422 eodem

431 2458 516 2482 esse
542 2449 714 2493 poterant
741 2446 799 2490 V,
825 2446 872 2480 cf.
898 2449 974 2481 not.
1002 2447 1033 2481 1.

384 2507 599 2542 Pronaus
634 2505 737 2539 Iovis
771 2515 805 2539 ο.
837 2515 883 2542 m.
917 2505 982 2546 91;
1017 2503 1122 2539 aedis
1154 2504 1256 2539 Iovis

432 2575 464 2599 o.
492 2575 536 2599 m.
565 2564 766 2610 Capitolini
792 2563 853 2606 92;
881 2584 925 2589 -
958 2563 1063 2599 aedis
1095 2561 1256 2598 Concor-

433 2623 515 2658 diae
541 2625 581 2665 5;
609 2623 653 2658 cf.
682 2621 822 2657 aedes
849 2621 1149 2658 Concordiae.

385 2681 725 2718 Providentia:
753 2680 962 2716 immolatur
987 2679 1033 2715 ad
1061 2691 1160 2715 aram
1179 2679 1259 2714 eius

435 2742 496 2783 753
523 2761 568 2766 —
594 2740 802 2775 immolatur
828 2741 861 2774 ei
890 2739 937 2774 ob
966 2739 1260 2785 supplicationes

434 2811 501 2847 pro
538 2799 656 2834 salute
682 2798 845 2833 Neronis
873 2798 929 2840 84,
957 2818 997 2822 -—
1037 2797 1083 2832 ob
1111 2796 1262 2831 detecta

436 2858 658 2894 nefariorum
695 2856 853 2893 consilia
892 2857 959 2892 121
999 2856 1083 2899 125,
1123 2876 1165 2882 —-
1214 2855 1260 2890 ob

437 2918 675 2965 adoptionem
703 2916 781 2953 Ser.
809 2915 967 2962 Sulpicii
995 2915 1138 2951 Galbae
1166 2915 1259 2950 Cae-

439 2978 534 3013 saris
554 2978 618 3019 86;
638 2996 679 3001 -
700 2978 788 3011 vota
807 2986 926 3009 annua
940 2974 1142 3018 singularia
1163 2974 1263 3009 facta

436 3049 504 3084 pro
532 3037 652 3072 salute
681 3033 871 3070 Commodi
898 3033 976 3069 112.

392 3095 585 3133 Publici
611 3094 801 3129 Arvalium
840 3092 886 3128 ad
919 3091 1115 3137 collegium
1149 3089 1261 3136 perti-

437 3157 526 3190 nent
539 3153 746 3189 universum
758 3153 834 3189 VII
844 3152 958 3194 VIII;
970 3149 1118 3186 -unde
1128 3158 1263 3194 cogno-

439 3213 537 3249 mina
555 3213 768 3260 acceperint
784 3211 899 3254 V111;
921 3230 964 3236 —
983 3209 1200 3255 adleguntur
1219 3218 1264 3242 ex

1123 158 1242 194 Index
1266 157 1413 195 Rerum.

1347 275 1480 310 litteris
1516 274 1749 320 imperatoris
1788 275 1848 311 vel
1884 274 2065 321 magistri,
2098 273 2172 310 nisi

1347 334 1433 368 huic
1471 344 1543 368 non
1582 336 1663 368 erat
1707 333 1779 377 nisi
1827 334 1884 368 ius
1920 331 2172 368 substituendi

1348 391 1536 438 publicum
1561 392 1631 426 ibd.
1659 392 1727 428 158
1750 392 1835 434 159;
1854 411 1898 417 —
1923 402 1996 427 non
2022 390 2176 426 exibant

1351 461 1397 485 ex
1431 450 1604 486 universa
1636 450 1775 485 familia
1805 449 1955 496 publica
1985 449 2103 491 V111;
2130 467 2172 474 —

1351 512 1501 556 praesto
1529 511 1635 544 erant
1659 508 1784 554 pueris
1815 507 1863 542 ad
1891 519 1989 543 aram
2012 508 2174 543 referen-

1353 567 1452 603 tibus
1480 569 1600 617 16·,-
1625 568 1814 602 introeunt
1840 569 1879 602 et
1904 565 2055 601 libellos
2080 565 2174 600 reci-

1351 627 1456 672 piunt
1492 629 1580 672 post
1609 624 1896 672 tripodationem
1929 624 1994 666 27;
2019 643 2064 650 ·—
2096 623 2176 670 pia-

1353 685 1435 719 cula
1468 683 1609 719 faciunt
1645 694 1726 719 cum
1759 684 1985 719 calatoribus
2023 683 2059 717 in
2090 681 2176 718 luco

1355 742 1447 777 deae
1475 742 1568 777 Diae
1595 743 1662 778 132
1687 737 1755 779 ‘133
1780 742 1858 779 134.
1887 762 1926 768 —
1953 740 2178 777 Publicus

1355 812 1377 835 a
1418 801 1691 836 commentariis
1732 801 1883 836 fratrum
1914 799 2104 836 Arvalium
2133 799 2179 835 87

1357 860 1422 894 157
1450 860 1535 902 168;
1562 859 1607 894 cf.
1636 859 2076 895 commentariensis.

1309 918 1444 953 Pueri
1475 919 1624 962 ingenui
1656 917 1804 964 patrimi
1829 919 1867 952 et
1892 916 2049 952 matrimi
2074 926 2180 952 sena-

1353 981 1471 1012 torum
1485 977 1551 1012 filii
1565 977 1818 1012 ministrantes
1832 976 2028 1012 Arvalibus
2044 976 2120 1018 VI;
2136 995 2181 1002 ——

1355 1047 1504 1072 numero
1526 1038 1699 1082 quattuor
1725 1035 1782 1071 VI
1801 1036 1860 1078 12;
1889 1055 1931 1060 —
1959 1045 2178 1071 commemo-

1354 1098 1480 1130 rantur
1497 1095 1649 1142 primum
1668 1094 1704 1128 in
1723 1095 1817 1130 actis
1836 1105 1867 1130 a.
1885 1095 1932 1131 80
1956 1093 2030 1137 VI;
2055 1113 2099 1120 -
2117 1105 2185 1141 per

1355 1154 1479 1201 plures
1495 1165 1610 1189 annos
1619 1154 1876 1190 ministrabant
1884 1154 1970 1198 ibat,
1979 1173 2020 1179 -
2030 1155 2184 1200 praesto

1363 1213 1560 1250 Arvalibus
1594 1215 1700 1247 erant
1734 1223 1806 1248 non
1838 1216 1879 1248 ut
1918 1211 2073 1255 camilli,
2116 1211 2183 1247 sed

1359 1271 1516 1307 filiorum
1552 1271 1670 1307 instar
1708 1271 1784 1307 VII
1810 1271 1870 1318 15;
1896 1291 1938 1297 —
1975 1270 2186 1306 ministrant

1360 1330 1457 1366 sacri
1489 1330 1600 1365 annui
1626 1329 1686 1365 die
1718 1330 1833 1376 primo
1866 1331 1910 1366 12
1937 1331 2000 1373 13,
2039 1328 2100 1364 die
2125 1339 2184 1365 se-

1361 1389 1482 1424 cundo
1508 1389 1544 1423 in
1572 1399 1665 1424 cena
1695 1390 1733 1423 in
1758 1388 1866 1424 domo
1892 1390 1954 1432 39,
1987 1387 2046 1423 die
2072 1388 2186 1423 tertio

1362 1449 1459 1483 inter
1475 1459 1604 1483 cenam
1629 1448 1693 1491 42;
1714 1467 1756 1473 —-
1784 1446 1980 1493 epulantur
2003 1447 2042 1482 in
2059 1446 2186 1482 cathe-

1363 1506 1440 1542 dris
1479 1506 1656 1541 sedentes
1694 1506 1772 1542 VII
1809 1506 1854 1540 12
1888 1505 1949 1547 15;
1981 1524 2026 1531 ——
2062 1505 2187 1550 fruges

1363 1566 1527 1601 referunt
1558 1565 1605 1599 ad
1631 1575 1730 1599 aram
1761 1564 1798 1599 in
1824 1564 1966 1610 pataris
2000 1564 2045 1599 12
2071 1563 2116 1599 13
2139 1563 2186 1599 42

1361 1625 1424 1667 433
1445 1644 1486 1649 —
1502 1623 1612 1659 modo
1632 1623 1802 1658 dicuntur
1819 1621 2058 1669 praetextati,
2076 1620 2188 1657 modo

1363 1683 1535 1726 riciniati,
1568 1681 1677 1717 modo
1708 1681 1870 1716 riciniati
1889 1677 2119 1727 *praetextati
2142 1679 2190 1715 42

1363 1743 1429 1785 44·‚
1458 1763 1496 1767 —
1526 1741 1715 1788 accipiunt
1740 1739 1927 1787 sportulas
1954 1739 1991 1775 in
2009 1738 2092 1774 dies
2118 1738 2191 1774 sin-

1367 1802 1473 1848 gulos
1500 1800 1597 1836 sacri
1616 1799 1726 1835 annui
1749 1799 1814 1842 433
1840 1819 1885 1824 —-
1911 1800 2001 1845 quot
2018 1796 2192 1832 denarios

1367 1860 1584 1907 acceperint
1608 1869 1680 1894 non
1706 1858 1825 1904 liquet
1847 1857 1904 1892 45.

1321 1921 1562 1957 Pulmenta
1588 1918 1629 1959 1(ἰ)
1663 1916 1882 1960 contingunt
1905 1914 2062 1951 Arvales
2088 1915 2144 1950 13.

1320 1979 1483 2015 Pultes
1511 1977 1731 2021 contingunt
1747 1974 1908 2011 Arvales
1934 1975 1991 2011 27.

1324 2113 1612 2159 Quadrigas,
1646 2109 1940 2158 quadrigarii
1970 2110 2017 2146 36
2041 2109 2099 2145 37.

1324 2174 1586 2218 Querceres
1612 2182 1644 2207 v.
1671 2179 1904 2206 carcareS.

1324 2308 1520 2344 Raetiae
1552 2306 1658 2341 limes
1683 2304 1739 2339 81.

1324 2367 1529 2414 Rapinae
1555 2366 1611 2400 26.

1325 2426 1484 2471 Regia:
1522 2425 1559 2459 in
1586 2434 1665 2458 eam
1703 2421 1927 2458 conveniunt·
1950 2419 2110 2457 Arvales
2149 2418 2197 2455 ob

1374 2483 1652 2531 cooptationem
1677 2481 1846 2526 collegae
1873 2480 1952 2515 149.

1326 2544 1511 2581 Relatio
1537 2541 1705 2587 magistri
1732 2539 1777 2574 de
1803 2539 1901 2575 votis
1913 2538 2051 2574 'annuis
2077 2538 2135 2580 91,
2158 2557 2197 2563 -

1375 2603 1420 2638 de
1446 2603 1547 2648 ligno
1579 2600 1723 2636 arboris
1755 2610 1848 2645 quae
1880 2599 2068 2634 vetustate
2101 2595 2199 2632 ceci-

1377 2664 1483 2698 derat
1500 2661 1538 2696 in
1551 2660 1632 2695 luco
1651 2659 1698 2694 ad
1713 2657 1933 2694 sacrificium
1947 2653 2200 2692 consumendo

1377 2724 1456 2764 136,
1477 2741 1519 2746 —
1547 2719 1592 2754 de
1620 2715 1822 2753 caedendis
1841 2715 2035 2751 arboribus
2062 2714 2099 2749 in
2117 2713 2201 2749 luco

1376 2793 1398 2816 a
1434 2777 1720 2826 tempestatibus
1757 2774 1917 2822 perustis
1955 2773 2035 2816 137,
2073 2792 2114 2798 -
2154 2770 2202 2806 de

1377 2837 1587 2885 cooptando
1614 2835 1760 2880 collega
1785 2834 1863 2871 152.

1331 2896 1635 2935 Renuntiatio
1679 2894 1959 2940 magistratuum
1991 2892 2030 2927 in
2068 2899 2200 2937 campo

1380 2957 1527 3005 quando
1553 2955 1654 2991 facta
1679 2953 1730 2989 sit
1753 2952 1810 2989 65.

1331 3016 1605 3053 Riciniatus
1631 3014 1677 3050 36
1702 3013 1748 3049 38
1772 3010 1829 3046 42.

1334 3075 1564 3111 Ricinium
1590 3074 1653 3115 373
1681 3092 1723 3096 —-
1751 3069 1935 3117 quomodo
1971 3079 1993 3103 a
2015 3070 2106 3112 toga
2135 3065 2203 3102 dif-

1383 3135 1478 3170 ferat
1501 3135 1565 3174 383
1593 3151 1636 3158 —-
1663 3132 1743 3166 erat
1767 3128 1986 3164 fimbriatum
2013 3127 2084 3162 iba.

1335 3195 1455 3230 Rosa
1480 3193 1604 3229 soluta
1629 3191 1673 3228 13
1697 3189 1742 3226 27
1767 3189 1823 3225 39.
