2340 3658
190 1431 207 1455 5

169 2122 203 2148 ss!

994 179 1043 216 M.
1071 179 1255 218 Aurelius.

1906 198 2062 225 chxxl

895 566 962 628 M.
1002 566 1290 628 AURELII
1330 568 1388 628 E.

1009 680 1111 732 anni
1138 680 1297 720 incerti.

447 807 574 847 isdem
604 804 920 855 cosrossulibus)
950 805 1043 846 IIII
1069 806 1244 856 (XIIII)
1272 807 1513 858 Malendas)
1542 810 1728 859 heresias)

245 876 290 916 in
319 876 410 916 luco
440 875 543 916 deae
570 873 679 916 Diae
700 874 766 916 Ti.
789 873 923 915 Iulius
946 873 1075 927 Frugi
1105 875 1429 930 promagfister)
1458 878 1515 918 ad
1544 891 1663 919 aram
1692 875 1920 918 immolavit
1948 888 2052 927 por-

1390 944 1474 1013 'eas
1497 946 1525 997 ¹)
1560 947 1799 999 piaculares
1834 946 1942 985 duas
1970 944 2051 984 luci

301 1012 563 1067 coinquiendi
599 1014 642 1054 et
676 1010 818 1066 operis
858 1010 1067 1066 faciundi,
1106 1011 1252 1067 ibique
1290 1026 1466 1057 vaccam
1503 1015 1776 1057 honorariam
1812 1013 1956 1055 albam
1993 1011 2051 1054 ad

1136 1079 1329 1148 {foculum
1360 1084 1464 1125 deae
1493 1085 1601 1125 Diae
1628 1084 1866 1124 immolavit.
1904 1082 2051 1123 deinde

298 1152 535 1195 sacerdotes
579 1152 623 1192 in
667 1149 884 1205 tetrastylo
930 1147 1212 1192 consederunt
1257 1155 1297 1192 et
1313 1150 1348 1206 ²)
1382 1165 1436 1194 ex
1479 1151 1686 1195 sacrificio
1730 1151 1892 1207 epulati
1937 1154 2047 1205 sunt,

1263 1218 1531 1287 ls—umptisque
1558 1223 1787 1274 praetextis
1815 1227 1855 1261 et
1882 1221 2050 1262 coronis

296 1291 447 1345 spiceis
474 1288 637 1333 vittatis
666 1287 806 1330 lucum
836 1287 945 1329 deae
966 1286 1075 1330 Diae
1105 1287 1300 1331 submoto
1330 1289 1613 1333 ascenderunt
1641 1294 1684 1332 et
1710 1303 1789 1346 per
1807 1289 1874 1332 Ti.
1894 1288 2048 1331 Iulium

1195 1356 1337 1423 {Fruyi
1363 1361 1725 1413 promaysistrum)
1754 1364 1794 1400 et
1822 1389 2045 1400 ......

297 1462 334 1497 ..ι
340 1459 605 1472 .......
635 1440 678 1468 ιιι
707 1424 1041 1481 proflamfinem)
1069 1439 1228 1480 agnam
1259 1427 1446 1482 opimam
1467 1427 1742 1483 inmolarunt3
1771 1425 2047 1483 perfectoque

1260 1495 1487 1561 {sacrificio
1518 1510 1657 1538 omnes
1687 1503 1776 1538 ture
1802 1497 1901 1537 cino
1929 1495 2046 1547 fece—

291 1571 399 1607 runt.
430 1563 581 1623 deinde
611 1563 779 1606 coronis
808 1562 953 1605 inlatis
982 1563 1204 1618 signisque
1233 1565 1370 1608 unctis
1385 1565 1418 1620 ⁸)
1447 1565 1492 1608 C.
1521 1565 1730 1609 Catelium
1759 1563 2045 1607 Modestinum

1295 1633 1359 1701 {ex
1390 1633 1682 1676 Saturnalibus
1709 1635 1855 1687 primis
1884 1634 1929 1673 iu
1957 1632 2044 1673 Sa-

243 1695 245 1697 ’
291 1694 477 1745 turnolio
502 1701 689 1744 secunda
707 1701 998 1756 magfistrum)
1018 1715 1205 1745 annuum
1226 1702 1432 1754 fecerunt,
1463 1709 1504 1747 et
1525 1697 1784 1759 Cl(audium)
1805 1700 2043 1743 Modestum

1080 1770 1346 1838 1flam(inem)
1374 1772 1711 1825 nominaverunt,
1739 1772 1877 1824 ibique
1905 1771 1949 1810 in
1978 1775 2043 1810 te-

290 1842 464 1896 trastylo
493 1840 807 1883 discumbentes
836 1843 941 1896 aput
970 1839 1199 1893 Egnatium
1231 1842 1478 1898 Capitonem
1497 1841 1531 1897 ⁴)
1565 1839 1853 1895 magistrum)
1882 1837 2042 1893 epulati

756 1908 920 1975 [sunt.
949 1912 1050 1964 post
1078 1909 1228 1964 epulas
1256 1913 1480 1952 riciniatus
1507 1912 1684 1952 sotiatus
1713 1921 1870 1950 corona
1896 1907 2043 1960 pactili

291 1981 480 2023 submoto
507 1991 637 2033 supra
647 1978 682 2034 5)
719 1991 916 2022 cai-cares
953 1977 1148 2020 aseendit
1182 1982 1227 2021 et
1254 1980 1422 2034 signum
1455 1979 1475 2034 )
1506 1978 1731 2034 quadrigis
1759 1976 1872 2030 bigis
1902 1973 2041 2017 desul-

1114 2045 1328 2114 poribus)
1356 2050 1482 2102 misit,
1512 2047 1774 2100 praesidente
1801 2046 1860 2086 ad
1887 2050 2042 2085 cretam

292 2118 338 2161 L.
371 2117 546 2160 Claudio
577 2116 812 2160 Modestino
826 2115 861 2174 ⁸)
890 2116 1073 2160 vic-tores
1101 2116 1256 2174 palmis
1275 2120 1318 2160 et
1338 2117 1505 2160 coronis
1526 2114 1781 2170 arg(enteis)
1800 2111 2039 2154 honoravit.

1418 2185 1661 2252 'adfuerunt
1690 2184 1735 2225 in
1763 2183 1937 2234 eolleyio
1967 2187 2039 2222 cet.

261 2313 519 2360 Fragmentum
544 2313 681 2348 litteris
705 2313 899 2360 pessimis:
923 2313 960 2347 in
985 2323 1113 2347 museo
1139 2313 1289 2357 collegii
1314 2313 1470 2348 Romani
1498 2308 1577 2346 PP.
1604 2310 1823 2345 Iesuitarum
1850 2308 2004 2343 MAFF.

752 2371 866 2406 ΜΔΕ
901 2370 1056 2406 BRVN.
1106 2371 1166 2406 Ibi
1191 2371 1312 2427 adime
1337 2373 1515 2406 servatur.

325 2443 517 2489 Descripsi
554 2442 691 2477 collata
719 2441 879 2486 imagine
916 2439 1053 2487 lapidis
1077 2451 1101 2475 a

230 2502 388 2538 Marinio
412 2502 525 2536 edita.
577 2500 672 2535 Edd.
699 2499 823 2535 Maffei
842 2498 891 2534 ΑΙ.
923 2498 962 2533 V.
983 2500 1102 2541 321‚4

232 2560 332 2606 (inde
370 2559 505 2596 Donati
539 2559 595 2601 77,
625 2558 682 2602 5);
729 2557 862 2592 Marini
903 2557 988 2594 Arv.
1024 2558 1100 2594 tab.

229 2618 416 2660 xxxv1;
444 2617 597 2652 Brunati
616 2617 710 2652 Mus.
736 2615 855 2651 Kirch.
882 2616 950 2652 IV.
976 2616 1099 2651 Accu-

228 2680 345 2712 ratam
370 2676 567 2721 imaginem
593 2674 747 2710 exhibet
772 2674 948 2710 Marinius
974 2674 999 2709 1.
1025 2684 1058 2709 c.

322 2735 516 2771 Pertinere
556 2734 798 2778 fragmentum
846 2732 893 2767 ad
935 2736 1096 2767 aetatem

229 2793 306 2829 fere
345 2795 392 2830 M.
429 2790 574 2827 Aurelii
613 2791 706 2826 haec
743 2791 925 2826 indicant:
968 2790 1097 2835 Bigae,

229 2862 324 2898 quae
350 2853 677 2887 commemorantur
700 2861 734 2884 v.
761 2851 803 2892 9,
835 2849 872 2883 in
905 2849 999 2884 actis
1026 2849 1097 2884 Ar·

228 2909 361 2945 valium
377 2910 531 2956 primum
548 2908 779 2954 reperiuntur
795 2917 827 2942 a.
842 2908 922 2944 155.
954 2907 1097 2942 Eodem

229 2978 325 3003 anno
357 2966 533 3003 Claudius
558 2965 755 3000 Modestus
787 2966 834 3007 (v.
860 2965 906 3011 7.)
939 2976 1007 3011 pro
1032 2965 1096 2999 fla·

229 3025 325 3060 mine
338 3025 416 3061 fuit.
441 3024 636 3070 Egnatium
652 3026 772 3058 autem
790 3023 1008 3069 Capitonem
1019 3033 1094 3057 ma-

228 3082 380 3128 gistrum
418 3081 664 3128 probabiliter
706 3081 883 3116 Marinius
926 3082 977 3127 (p.
1008 3081 1093 3123 492)

228 3134 443 3187 suspicatus·
462 3143 521 3175 est
545 3149 631 3175 esse
656 3139 771 3174 virum
798 3138 899 3175 inum
920 3138 1092 3175 consula·

1166 2451 1262 2483 rem,
1288 2440 1350 2486 qui
1376 2451 1408 2475 a.
1435 2440 1513 2475 rere
1550 2440 1618 2475 182
1649 2450 1671 2474 a
1697 2437 1899 2473 Commodo
1924 2437 2036 2471 inter-

1168 2499 1289 2534 fectus
1314 2503 1374 2534 est
1398 2498 1601 2545 (Lamprid.
1629 2498 1767 2533 Comm.
1790 2498 1842 2538 4).

1260 2558 1316 2592 De
1343 2557 1611 2604 supplementis
1637 2557 1684 2591 cf.
1709 2567 1741 2591 a.
1768 2557 1846 2592 155.
1894 2553 1936 2588 In
1962 2553 2037 2588 sin·

1167 2617 1263 2663 gulis
1289 2619 1380 2651 nota
1403 2617 1514 2650 haee:

1261 2676 1286 2719 ¹)
1312 2674 1572 2720 supplementa
1614 2685 1647 2708 v.
1697 2673 1715 2707 1
1772 2682 1845 2707 non
1885 2680 2036 2717 prorsus

1167 2735 1271 2769 certa
1296 2735 1390 2768 sunt.

1260 2790 1288 2834 2)
1312 2791 1368 2842 JT
1394 2790 1505 2836 lapis.

1261 2850 1289 2894 3)
1315 2848 1507 2884 VNCLIS
1534 2849 1583 2885 id.

1261 2907 1289 2953 ⁴)
1316 2906 1610 2942 CAPITONIM
1637 2906 1687 2940 id.

1261 2966 1292 3006 ⁵)
1318 2964 1477 3000 SVIRA
1502 2964 1552 3001 id.

1257 3024 1286 3066 ὅ)
1313 3023 1515 3059 SIGMVM
1540 3023 1590 3058 id.

1254 3081 1283 3124 7)
1310 3080 1638 3125 DESVLTQRIB
1663 3080 1720 3117 id.

1254 3140 1282 3182 ⁸)
1309 3165 1318 3174 .
1345 3164 1353 3172 .
1380 3138 1412 3174 O
1458 3137 1631 3175 ESTINI
1655 3138 1706 3177 id.
