2340 3658
630 946 689 994 ΙΙ.
742 944 1029 993 PIACULA
1069 944 1152 992 ΟΒ
1190 943 1384 992 FERRI
1421 942 1837 994 INLATIONEM
1873 945 1955 994 ET

960 1058 1347 1108 ELATIONEM
1383 1059 1617 1109 FACTA.

487 1396 592 1432 Aeta
620 1393 782 1432 fratrum
811 1392 1016 1430 Arvalium
1051 1391 1141 1429 inde
1170 1393 1219 1431 ab
1257 1396 1386 1431 aetate
1418 1392 1605 1431 Caesaris
1635 1392 1807 1442 Augusti
1843 1391 2007 1431 vidimus
2043 1393 2096 1443 (p.
2126 1391 2189 1444 II)

386 1458 514 1508 palam
567 1468 655 1495 esse
699 1455 927 1506 proposita,
982 1455 1023 1493 id
1069 1455 1175 1505 quod
1221 1456 1276 1494 ita
1320 1456 1400 1494 fieri
1445 1455 1600 1493 solebat
1644 1460 1686 1494 ut
1726 1459 1816 1494 acta
1855 1456 2056 1505 magisteri
2100 1467 2190 1495 oon-

385 1520 564 1560 summati
605 1519 738 1569 primis
781 1519 976 1557 mensibus
1018 1518 1109 1557 anni
1147 1519 1314 1568 proximi
1357 1519 1556 1569 sequentis
1597 1518 1635 1555 in
1672 1518 1760 1556 luco
1799 1518 1839 1556 in
1877 1529 2069 1558 marmore
2097 1530 2188 1558 exa-

383 1587 572 1623 rarentur.
613 1582 676 1621 Ob
705 1594 789 1622 eam
818 1594 897 1620 rem
926 1594 1011 1620 cum
1041 1581 1299 1620 instrumenta
1325 1582 1453 1620 ferrea
1479 1581 1518 1619 in
1546 1581 1674 1619 lucum
1701 1581 1842 1619 inferre
1863 1593 1962 1632 opus
1983 1587 2099 1632 esset,
2118 1593 2190 1622 nee

384 1659 431 1686 ex
464 1648 540 1686 ritu
568 1649 722 1685 vetusto
749 1646 885 1684 liceret
912 1646 1014 1684 ferro
1043 1645 1097 1683 ibi
1131 1645 1200 1694 uti,
1241 1645 1437 1695 piaculum
1478 1644 1555 1682 luci
1596 1643 1782 1694 expiandi
1809 1656 1931 1683 cansa
1969 1645 2191 1685 faciendum

385 1715 471 1749 erat
498 1714 537 1748 et
564 1721 650 1747 oum
677 1710 883 1747 inferretur
910 1709 1054 1746 ferrum
1082 1712 1120 1747 et
1149 1719 1235 1746 cum
1263 1720 1396 1747 rursus
1426 1708 1638 1746 efferretur.
1687 1707 1737 1745 Id
1766 1720 2000 1759 quamquam
2026 1720 2067 1747 re
2096 1720 2191 1748 vera

386 1786 487 1812 anno
514 1773 737 1823 insequenti
763 1773 894 1821 fiebat,
924 1771 1190 1810 adnotabatur
1216 1775 1346 1810 tamen
1374 1771 1427 1811 ad
1453 1771 1565 1809 finem
1585 1774 1759 1809 actorum
1782 1770 1863 1808 eius
1884 1771 1976 1810 anni
1995 1771 2046 1811 ad
2075 1783 2190 1823 quem

384 1838 473 1887 ipsa
501 1839 590 1874 acta
619 1836 864 1886 spectabant.
907 1835 1158 1874 Piaculorum
1186 1839 1315 1874 autem
1342 1835 1507 1884 illorum,
1536 1834 1610 1873 etsi
1639 1833 1731 1884 quin
1759 1837 1888 1873 aetate
1914 1834 1991 1873 iam
2006 1834 2190 1874 Caesaris

385 1899 558 1950 Augusti
584 1899 691 1938 facta
721 1900 798 1938 sint
827 1898 985 1937 dubium
1028 1910 1103 1936 non
1138 1902 1209 1947 est,
1237 1899 1276 1937 in
1306 1897 1404 1937 actis
1433 1898 1638 1937 Arvalium
1678 1896 1823 1935 mentio
1865 1901 2045 1947 superest
2084 1897 2192 1936 nulla

386 1967 476 2003 ante
507 1975 646 2001 annum
675 1964 736 2012 80,
764 1963 804 2001 in
830 1963 937 2000 cuius
967 1961 1065 2000 actis
1095 1961 1256 2012 piacula
1284 1961 1442 2011 signata
1470 1966 1560 2000 sunt
1586 1972 1719 1999 mense
1745 1961 1849 1999 Maio
1877 1960 1969 1998 anni
1996 1961 2042 1999 81
2072 1960 2190 2000 facta.

386 2025 555 2064 Inscribi
597 2030 725 2064 autem
768 2030 911 2076 coepta
951 2036 1038 2064 esse
1079 2024 1270 2062 eiusmodi
1297 2024 1454 2075 piacula
1480 2028 1573 2075 post
1612 2036 1754 2062 annum
1796 2023 1949 2062 demum
1975 2023 2037 2073 59,
2078 2021 2191 2062 huius

389 2090 480 2128 anni
508 2093 598 2128 acta
626 2089 851 2137 ostendunt,
882 2088 1103 2139 quaelicet
1144 2088 1224 2126 fere
1267 2087 1386 2138 plena
1426 2088 1639 2126 exhibeant
1680 2087 1916 2126 documenta
1956 2085 2007 2124 ad
2049 2097 2191 2125 annum

385 2155 433 2192 59
461 2153 707 2203 pertinentia,
735 2153 893 2203 piacula
922 2152 971 2190 ob
1000 2152 1144 2189 ferrum
1172 2151 1417 2189 inferendum
1443 2155 1482 2189 et
1509 2149 1747 2189 efferendum
1788 2150 1895 2189 facta
1923 2160 1999 2188 non
2028 2160 2191 2188 comme-

386 2221 549 2255 morant.
607 2215 722 2254 Unde
751 2219 908 2255 constat
935 2215 1037 2253 inter
1064 2226 1189 2253 annos
1218 2216 1267 2253 59
1296 2218 1334 2254 et
1362 2216 1409 2253 80
1437 2214 1476 2251 in
1505 2221 1594 2252 aeta
1621 2213 1758 2252 referri
1785 2225 1834 2253 ea
1862 2217 2006 2263 coepta
2032 2223 2132 2252 esse.

488 2291 658 2330 Fiebant
685 2290 822 2329 eodem
850 2291 966 2341 plane
995 2288 1110 2328 modo
1138 2288 1297 2339 piacula
1325 2289 1374 2327 ob
1403 2288 1494 2326 ferri
1521 2288 1746 2326 inlationem
1774 2291 1812 2327 et
1840 2288 2058 2327 elationem.

1043 2478 1078 2519 1.
1140 2476 1313 2519 Annus
1345 2480 1393 2520 et
1424 2475 1548 2520 dies.

490 2596 632 2633 Annus
662 2597 701 2633 et
729 2593 812 2631 dies
842 2604 1033 2643 nusquam
1075 2591 1304 2631 omittuntur
1343 2596 1382 2631 et
1423 2602 1576 2642 semper
1616 2591 1780 2641 primum
1821 2592 1950 2632 locum
1991 2593 2190 2632 obtinent:

390 2659 660 2709 exceptionem
691 2656 839 2696 faciunt
871 2657 957 2695 sola
997 2661 1087 2695 aeta
1129 2656 1219 2695 anni
1247 2657 1333 2705 225,
1377 2656 1517 2706 quibus
1550 2654 1838 2705 coniunguntur
1877 2655 2047 2707 quodam
2074 2655 2192 2695 modo

388 2722 546 2772 piacula
574 2722 624 2759 ob
652 2720 879 2759 inlationem
918 2724 958 2759 et
998 2719 1206 2758 elationem
1241 2720 1361 2769 faeta,
1405 2723 1444 2758 et
1479 2719 1568 2757 anni
1597 2719 1684 2768 214,
1714 2719 1853 2769 quibus
1883 2731 2008 2759 annus
2041 2724 2081 2765 et
2108 2719 2191 2759 dies

393 2785 572 2824 videntur
599 2784 733 2822 omissi
761 2795 861 2822 esse.

449 2859 484 2903 1.
519 2861 690 2914 piacula
721 2860 770 2900 ob
801 2860 1041 2900 inlationem
1070 2859 1198 2912 facta.
1394 2858 1432 2899 2.
1460 2859 1632 2912 piacula
1662 2858 1712 2899 ob
1745 2857 1959 2899 elationem
1987 2859 2117 2913 facta.

392 2939 443 2981 81
594 2940 640 2982 L.
673 2939 845 2982 Vitellio
876 2939 1025 2981 Paullo
1055 2941 1103 2981 T.
1136 2939 1256 2982 Iunio
1326 2938 1462 2982 isdem
1493 2937 1814 2994 co(n)s(ulibus)
1839 2938 1903 2980 III
1923 2936 2018 2981 idus
2040 2937 2190 2982 Maias.

647 3010 849 3051 Montano
940 3006 1256 3063 eo(n)s(ulibus)

648 3076 884 3133 k(alendis)
914 3077 1036 3120 Mais.

395 3154 480 3214 [88]
597 3190 902 3201 ........
934 3155 1071 3199 Plotio
1110 3156 1256 3212 Grypo
1330 3186 1976 3199 ................

650 3225 970 3283 eo(n)s(ulibus)
1006 3225 1135 3268 XIIII
1166 3226 1257 3278 k(a-

650 3295 819 3353 lendas)
848 3295 998 3339 Maias.
