2340 3658
853 866 1393 930 EXORDH'M.

326 1158 363 1198 1.
422 1156 594 1197 Fratres
620 1156 806 1198 Arvales
837 1155 1072 1199 seeundum
1103 1155 1139 1196 V
1142 1153 1383 1204 arronen1¹)
1416 1153 1447 1194 ii
1478 1157 1576 1194 sunt
1608 1155 1677 1206 φη·
1705 1166 1831 1193 sacra
1863 1152 2033 1204 publica

209 1228 372 1279 faciunt
400 1230 624 1276 propterea
654 1230 698 1264 ul
726 1226 870 1277 [παρος
898 1226 1038 1277 ferant
1070 1236 1188 1274 arva,
1219 1236 1246 1263 a
1274 1224 1448 1275 ferendo
1477 1228 1515 1262 e!
1542 1224 1658 1263 arvis
1677 1223 1834 1274 fratres
1855 1221 2033 1261 Arvales

212 1296 326 1335 dicti.
387 1291 598 1334 Masurius
630 1296 772 1334 autem
795 1293 982 1335 Sabinus
1001 1292 1034 1346 ²)
1063 1295 1290 1346 postquam
1313 1291 1469 1332 Accam
1493 1289 1738 1331 Larentiam
1759 1288 1928 1330 Romuli
1960 1301 2033 1328 nu-

211 1362 358 1404 tricem
390 1359 523 1401 fuisse
554 1360 726 1413 rettulit,
766 1359 1036 1416 prosequitur
1065 1359 1148 1400 sic:
1181 1373 1230 1399 ea
1252 1361 1399 1399 ntulier
1418 1373 1472 1399 ea:
1494 1359 1711 1398 duodecim
1729 1358 1829 1409 filiis
1850 1357 2035 1397 maribus

212 1444 335 1471 tanum
363 1435 492 1469 morte
523 1430 674 1469 amisit.
716 1430 767 1469 In
798 1430 911 1469 illius
942 1430 1075 1469 Iocum
1103 1429 1303 1468 Romulus
1330 1429 1469 1470 Accae
1497 1441 1587 1468 sese
1614 1428 1742 1479 filium
1773 1426 1885 1465 dedit
1914 1439 2037 1477 seque

212 1505 250 1540 el
279 1484 438 1538 celeros-
467 1499 557 1537 eius
583 1498 694 1550 filios
723 1498 880 1549 fratres
910 1497 1088 1538 Arvales
1118 1498 1358 1548 appellavit.
1416 1497 1485 1536 Ea:
1514 1508 1561 1535 eo
1602 1500 1782 1546 tempore
1821 1494 2036 1545 collcyium

212 1567 363 1607 mansit
400 1566 582 1618 fratrum
618 1565 839 1606 Arvalium
879 1578 1049 1606 numero
1087 1565 1318 1613 duodecim,
1349 1565 1467 1604 cuins
1503 1563 1729 1604 sacerdotii
1773 1563 1933 1614 iusiyue
1977 1567 2037 1601 est

211 1637 355 1689 spicea
393 1646 550 1674 corona
600 1639 638 1673 et
683 1634 803 1674 albae
840 1634 1012 1686 infulae..
1081 1632 1202 1683 Quae
1247 1631 1436 1673 narratio
1489 1630 1684 1685 quamvis
1737 1634 1877 1671 aetate
1930 1629 2036 1671 satis

212 1702 374 1745 recenti
403 1706 509 1756 orta,
542 1701 702 1756 quippe
733 1713 844 1754 quae
876 1700 1059 1742 Varroni
1091 1700 1240 1754 ignota
1271 1700 1325 1741 sit
1355 1698 1609 1752 Romulique
1639 1697 1846 1738 nutricem
1878 1701 2037 1738 statuat

215 1771 373 1813 Accam
411 1769 672 1823 Larentiam,
713 1768 779 1811 de>
799 1782 885 1823 qua
915 1768 1130 1822 antiquior
1161 1767 1310 1810 fabula
1339 1772 1451 1809 certe
1482 1766 1538 1807 ad
1569 1765 1787 1807 Valerium
1818 1764 2034 1806 Antiatem

213 1837 385 1880 duravit
404 1837 451 1891 ³),
483 1836 617 1879 nihilo
648 1837 790 1879 minus
822 1837 1108 1879 sacerdotium
1140 1835 1327 1878 ostendit
1357 1834 1691 1876 vetustissimum
1723 1833 1858 1874 fuisse
1890 1836 2033 1886 utpote

214 1905 270 1948 ad
300 1906 399 1960 ipsa
428 1905 552 1946 initia
579 1905 697 1947 urbis
729 1918 756 1946 a
785 1905 990 1948 Romanis
1011 1904 1204 1946 relatum.
1244 1903 1441 1944 Fratrum
1463 1901 1681 1943 insolitam
1702 1899 2035 1956 appellationem

215 1988 244 2016 a
279 1973 460 2016 Romulo
499 1972 788 2027 fratribusque
825 1974 918 2015 eius
958 1971 1247 2025 deduxeruut3
1293 1984 1392 2012 nam
1430 1970 1541 2011 alios
1577 1968 1825 2011 sacerdotes
1866 1972 2037 2022 praeter

215 2043 399 2085 Arvales
431 2041 583 2083 Latine
620 2041 775 2083 fratres
812 2045 1079 2095 nuncupatos
1118 2053 1213 2081 esse
1252 2044 1292 2081 et
1333 2040 1621 2080 Mommseuus
1640 2036 1673 2092 ⁴)
1718 2041 1760 2078 et
1803 2035 1983 2076 Rossius
2005 2034 2036 2088 ὃ)

216 2115 329 2154 recte
358 2114 573 2164 negarunt
593 2109 638 2164 ⁶).
699 2108 824 2160 Quod
855 2112 996 2149 autem
1027 2107 1149 2156 addit
1179 2107 1365 2150 Sabinus
1396 2120 1449 2148 ex
1480 2106 1554 2147 illo
1577 2103 1677 2146 inde
1698 2108 1888 2158 tempore
1911 2102 2036 2144 colle-

216 2179 334 2233 gium
379 2191 547 2233 semper
595 2191 648 2220 ex
693 2176 921 2219 duodecim
966 2167 1263 2217 sacerdotibus
1313 2174 1591 2229 compositum
1633 2172 1767 2214 fuisse
1808 2183 2038 2224 eorumque

216 2246 406 2300 insignia
441 2259 623 2289 coronas
663 2245 797 2287 fuisse
835 2244 1004 2299 spiceas
1042 2248 1084 2285 et
1122 2243 1283 2284 infulas
1321 2242 1457 2292 albas,
1501 2253 1685 2283 coronae
1716 2245 1757 2282 et
1788 2238 1917 2280 vittae
1947 2237 2039 2279 sive

218 2328 401 2357 coronae
417 2315 588 2370 spiceae
610 2313 791 2354 vittatae
812 2326 943 2367 saepe
964 2314 1348 2354 commemorantur
1369 2310 1413 2351 in
1434 2309 1541 2350 actis
1560 2307 1784 2350 Arvalium
1797 2306 1844 2360 7),
1868 2305 2037 2348 eadem-

317 2440 342 2485 ')
370 2441 413 2473 de
440 2439 462 2472 l.
490 2439 576 2479 1.·5,
602 2439 660 2474 85.
1158 2436 1235 2470 sius
1254 2436 1379 2478 (Roma
1396 2442 1522 2468 sonet-r
1553 2433 1575 2468 l.
1594 2434 1641 2475 c.)
1669 2444 1691 2466 a
1710 2435 1879 2466 curatore
1899 2430 2034 2464 fratres

313 2498 341 2541 ²)
368 2496 466 2544 apud
487 2495 648 2531 Gellium
675 2496 708 2537 7,
734 2496 766 2538 7,
792 2498 826 2532 6.
876 2495 933 2530 Ex
959 2493 1090 2528 eodem
1160 2494 1325 2538 collegas
1359 2504 1432 2527 non
1459 2491 1641 2538 appellari
1668 2490 1741 2525 nisi
1767 2489 1881 2523 officii
1907 2498 2035 2522 causa.

220 2558 323 2591 fonte
364 2554 536 2589 hausisse
576 2553 737 2588 Plinium
770 2567 804 2587 n.
841 2554 875 2587 h.
909 2554 965 2594 18,
997 2553 1031 2594 2,
1071 2553 1093 2587 6
1166 2571 1206 2576 -—
1242 2550 1518 2585 Hirschfeldius
1552 2549 1771 2593 (Goth-qd.
1812 2549 1902 2582 Anz.
1948 2546 2038 2580 1869

221 2617 325 2648 notat
344 2613 548 2647 Mommsen
576 2613 631 2645 die
656 2612 750 2645 echte
774 2611 851 2644 und
875 2612 933 2644 die
956 2610 1095 2653 salacho
1165 2620 1199 2654 p.
1226 2610 1341 2650 1500)
1377 2609 1521 2643 confert.
1546 2609 1742 2654 Lupercos
1783 2613 1978 2649 germanos
2017 2614 2039 2636 a

221 2676 313 2706 Accu
348 2671 539 2711 Larentia,
565 2669 600 2703 in
628 2668 723 2703 libro
750 2669 809 2703 cui
834 2669 965 2703 titulus
995 2668 1095 2701 Fest-
1166 2666 1348 2701 Cicerone
1374 2667 1456 2711 (pro
1475 2666 1605 2700 Caelio
1627 2667 1680 2705 11,
1698 2665 1757 2706 26)
1786 2663 1920 2696 dictos.
1947 2660 2038 2703 [Sed

219 2732 332 2775 yaben
350 2731 419 2773 silv·
446 2729 579 2762 Guseav
597 2726 784 2771 Homeyer.
818 2726 983 2761 Berolini
1003 2726 1119 2770 1871„
1164 2724 1279 2758 verba
1305 2735 1369 2757 ea:
1387 2726 1475 2768 sera
1501 2725 1678 2768 quaedam
1696 2723 1868 2756 sodalitas
1886 2727 1918 2752 et
1931 2720 2040 2761 plane

228 2787 301 2831 (ed.
328 2790 524 2832 separatae
549 2795 584 2829 1).
605 2785 675 2828 15).
1161 2784 1363 2827 pastoricia>
1392 2790 1498 2826 atque
1535 2783 1683 2827 cyre-stis
1712 2789 1958 2825 yermanorum
1985 2777 2039 2809 lu-

280 2866 283 2868 -
320 2843 348 2887 ⁸)
377 2843 424 2878 cf.
451 2841 656 2876 Mommsen
683 2843 704 2877 l.
734 2854 765 2877 0.
793 2854 828 2889 p.
850 2843 905 2878 12.
1088 2833 1092 2837 ⁸
1160 2854 1347 2886 percorum
1373 2851 1445 2874 uon
1472 2838 1694 2885 accipienda
1721 2841 1806 2872 sunt
1833 2835 1878 2869 de
1896 2835 2038 2879 Luper-

317 2902 345 2946 ⁴)
372 2900 419 2935 ad
447 2900 645 2944 Borghesii
672 2913 750 2945 opp.
780 2903 813 2942 3,
839 2901 909 2936 414
934 2911 967 2935 n.
988 2901 1019 2934 1.
1167 2901 1221 2935 cis
1256 2898 1451 2939 fratribus,
1491 2899 1559 2931 sed
1604 2898 1708 2931 iocus
1746 2895 1818 2928 1100
1855 2892 2043 2937 significat

318 2961 345 2999 ³)
374 2959 485 2991 Roma
510 2966 734 2993 soeeerranea
759 2960 778 2994 1
805 2969 839 3004 p.
861 2960 939 2994 108.
1167 2957 1387 2993 sacerdotes
1414 2955 1589 3000 lupercos
1617 2954 1740 2988 dictos
1768 2962 1852 2986 vere
1874 2951 2039 2996 luporum

318 3018 346 3060 ⁸)
372 3016 552 3051 Marinius
572 3017 672 3059 (Ar-v.
691 3028 726 3062 p.
745 3016 817 3051 XX
836 3020 872 3050 et
890 3014 967 3059 94⁶)
995 3025 1093 3049 eum·
1164 3027 1263 3050 more
1290 3025 1413 3059 agere,
1441 3014 1540 3047 sicut
1566 3012 1657 3046 alibi
1681 3011 1816 3046 Cicero
1844 3009 1975 3043 scribit
2001 3019 2041 3043 se

224 3087 295 3121 que
331 3079 483 3109 secutus
518 3074 735 3119 Marquardt
767 3074 823 3118 (R.
851 3077 880 3108 A
917 3075 940 3110 4
974 3074 1096 3120 p.408
1168 3073 1310 3107 asinum
1338 3082 1548 3115 germanum
1575 3071 1703 3104 fuisse.
1755 3068 1823 3102 Th.
1851 3067 1914 3110 M.]

224 3145 260 3169 n.
279 3133 387 3174 27³6)
414 3131 513 3176 quod
533 3132 736 3167 attuleruut
754 3132 961 3178 exemplum
986 3141 1095 3165 unum
1258 3130 1286 3173 ⁷)
1318 3130 1366 3165 cf.
1401 3133 1488 3163 acta
1520 3129 1617 3163 sacri
1651 3125 1847 3160 Arvalium
1888 3125 1923 3158 in
1955 3124 2039 3158 luco

226 3191 376 3225 fratrum
412 3190 584 3224 vocabuli
619 3190 665 3223 de
699 3188 857 3234 collegio
892 3189 966 3224 alio
991 3200 1095 3223 usur·
1167 3188 1256 3223 sacti
1283 3187 1388 3221 annis
1415 3187 1470 3222 87.
1491 3187 1537 3220 90
1567 3185 1645 3220 105.
1664 3185 1840 3219 118.119.
1863 3184 1940 3218 120.
1961 3182 2039 3216 155.

225 3249 304 3295 pati
329 3248 480 3290 (Mutat.
501 3249 647 3291 126,1),
674 3250 781 3283 recte
799 3247 977 3294 opposuit
1000 3247 1096 3282 Ros·
1168 3247 1256 3287 1833
1282 3246 1375 3279 vietis
1401 3244 1529 3289 ⁸pieei⁸
1556 3243 1713 3276 coronati
1739 3241 1931 3285 legitur-a.
1958 3241 2038 3277 218.

295 3324 398 3351 ACTA
423 3324 512 3352 Anv.
1749 3300 1769 3341 1
