2340 3658
1056 178 1270 214 Exordium.
2050 192 2075 218 v

263 291 568 334 nominabat-ur
598 292 671 348 ita,
704 298 749 335 ut
777 307 862 335 uno
892 306 1005 335 anno
1037 293 1183 348 plures
1213 297 1390 348 possent
1417 307 1495 348 pro
1526 293 1730 346 magistro
1762 305 1856 334 esse
1880 292 1923 346 ¹).
1987 292 2076 333 Nec

265 361 556 415 promagister
587 361 743 404 dicitur
763 362 937 415 collegii
958 361 1136 404 fratrum
1157 361 1394 415 Arvalium,
1425 361 1501 402 sed
1531 361 1724 414 magistri
1754 360 1933 402 alicuius
1953 359 2000 414 ²).
2023 384 2076 387 —

264 427 344 478 Qui
376 429 581 481 magister
603 443 735 484 prove
757 431 966 483 magistro
989 434 1092 477 erat,
1125 429 1308 482 collegio
1331 429 1619 484 praesidebat,
1653 428 1873 471 sacrificiis
1894 432 1933 469 et
1964 426 2077 468 ludis

264 501 475 551 praeerat,
508 502 610 540 vota
642 498 917 553 nuncupabat
947 502 989 540 et
1018 497 1232 540 solvebat:
1264 497 1308 538 in
1338 496 1510 538 domum
1542 497 1736 550 magistri
1767 497 2079 538 conveniebant

264 563 415 605 fratres
457 564 607 606 diebus
639 567 776 620 primo
808 571 850 608 et
880 566 1005 608 tertio
1037 566 1148 607 sacri
1180 565 1287 607 deae
1320 565 1442 619 Diae,
1475 565 1591 618 quod
1621 565 1735 607 Maio
1768 565 2075 618 celebrabatur,

266 632 367 673 item
398 636 589 687 tempore
620 634 917 688 pomeridiano
950 634 1035 675 diei
1067 633 1255 687 secundi,
1286 638 1374 675 tum
1405 647 1574 687 quoque
1597 634 1803 688 cumipse
1830 633 1964 674 sacris
1995 646 2078 673 non

264 699 522 741 interfuerat
542 701 586 756 ³).
647 703 760 744 Raro
792 703 877 744 illis
900 707 1013 744 certe
1035 701 1188 743 diebus
1210 701 1253 742 in
1275 703 1405 743 aliam
1428 702 1644 755 quandam
1676 701 1847 743 domum
1879 715 1954 743 eos
1985 715 2080 743 con—

262 768 436 810 venisse
466 768 708 811 invenimus
721 770 775 825 ⁴),
809 771 992 812 fortasse
1021 771 1123 824 quia
1151 771 1282 812 aedes
1305 770 1500 823 magistri
1521 770 1648 811 nimis
1669 783 1830 824 parvae
1859 774 1982 811 erant
2004 783 2081 811 uec

263 836 466 877 fratribus
502 838 775 891 epulantibus
813 839 918 880 satis
955 838 1218 885 commodae.
1277 838 1440 880 Eodem
1478 838 1661 880 fortasse
1700 837 1972 879 referendum
2004 841 2080 890 est,

263 904 377 957 quod
417 904 542 946 tertio
583 905 654 947 die
690 907 801 948 sacri
839 906 946 948 deae
983 907 1093 948 Diae
1137 907 1268 949 semel
1306 909 1348 947 in
1386 908 1550 948 Palatio
1594 910 1636 947 iu
1680 907 1879 947 Diem-um
1927 904 2082 946 fratres

266 972 524 1014 conveniunt
538 972 582 1028 ⁵).
645 973 769 1024 Quod
807 978 948 1016 autem
986 974 1168 1016 Arvales
1206 975 1401 1016 dicuntur
1439 975 1599 1030 epulati
1637 987 1731 1015 esse
1770 975 1883 1027 apud
1918 973 1988 1015 vel
2027 975 2083 1013 ad

261 1040 570 1095 maqist1·um⁸),
611 1042 780 1083 etiamsi
811 1042 854 1083 in
883 1043 977 1084 luco
1009 1047 1051 1084 et
1081 1043 1294 1084 interdum
1329 1043 1508 1085 absente
1540 1043 1768 1097 magistre,
1809 1044 2080 1093 cenaverant,

267 1109 312 1150 id
345 1109 405 1150 ita
435 1109 736 1164 explicandum
766 1110 935 1152 videtur
965 1125 1081 1166 esse,
1122 1115 1167 1152 ut
1198 1124 1301 1152 cura
1331 1111 1447 1166 epuli
1484 1110 1690 1152 mandata
1721 1110 1848 1151 fuerit
1877 1108 2082 1162 magistro

263 1189 389 1229 quem
411 1177 483 1218 vix
505 1181 647 1218 tamen
668 1178 922 1220 crediderim
945 1193 1112 1221 omnem
1133 1180 1226 1221 eius
1246 1180 1485 1234 impensam
1508 1179 1672 1231 fecisse,
1706 1191 1800 1219 cum
1823 1178 1976 1218 fratres
1999 1176 2081 1218 sin-

264 1244 355 1296 guli
387 1244 570 1297 singulis
591 1245 743 1288 diebus
765 1251 904 1289 aetate
936 1253 1047 1290 certe
1077 1248 1313 1302 posteriore
1345 1247 1533 1289 denariis
1565 1246 1752 1288 centenis
1785 1244 2045 1299 ee11a1·ent⁷).

375 1313 416 1354 5.
479 1313 576 1355 Una
605 1328 700 1355 cum
730 1315 937 1368 magistro
968 1314 1122 1357 flamen
1147 1317 1201 1358 ab
1233 1316 1464 1358 Arva-libus
1496 1320 1537 1358 et
1567 1316 1659 1370 ipse
1691 1328 1743 1356 ex
1782 1314 2083 1355 Saturnalibus

263 1379 412 1433 primis
442 1381 485 1422 in
516 1372 764 1424 Saturnalia
795 1383 985 1425 secunda
1016 1383 1259 1425 creabatur:
1292 1385 1412 1425 cuius
1442 1384 1504 1425 rei
1536 1383 1693 1425 mentio
1724 1382 1882 1436 legitur
1911 1382 1954 1422 in
1976 1381 2084 1423 actis

269 1447 348 1489 sub
395 1448 644 1490 Domitiano
687 1452 904 1505 conceptis
933 1451 985 1506 ⁸),
1033 1451 1305 1493 desideratur
1350 1453 1429 1494 sub
1477 1452 1664 1493 Traiano
1711 1455 1752 1492 et
1797 1449 2019 1491 Hadriano
2040 1450 2086 1503 9),

269 1515 411 1558 denuo
450 1517 660 1571 reperitur
691 1518 734 1559 in
771 1519 879 1560 actis
916 1519 1064 1561 incisis
1095 1519 1173 1561 sub
1205 1520 1423 1562 Antonino
1455 1521 1532 1562 Pio
1565 1518 1984 1574 imperatoribusque
2014 1531 2085 1572 po-

265 1583 518 1626 sterioribus
542 1584 607 1639 ¹⁰).
659 1586 809 1639 Itaque
841 1588 987 1640 quaeri
1010 1592 1164 1642 potest,
1197 1602 1297 1629 num
1319 1602 1405 1629 non
1427 1601 1594 1642 semper
1616 1586 1831 1628 flaminem
1855 1586 2085 1638 collegium

267 1652 486 1706 creaverit,
519 1652 595 1694 sed
618 1666 694 1708 per
725 1655 900 1708 aliquod
932 1660 1100 1710 tempus
1133 1660 1177 1697 ut
1207 1656 1555 1711 promagistrum,
1588 1656 1647 1698 ita
1677 1654 1891 1697 flaminem
1913 1667 2084 1707 quoque

362 1858 388 1900 ¹)
422 1857 533 1892 Anno
566 1859 610 1894 69
644 1861 891 1904 promagister
926 1862 1070 1896 Galbae
1105 1866 1143 1896 et

269 1913 428 1948 Othonis
457 1915 526 1949 fuit
552 1916 699 1951 Salvius
727 1917 825 1952 Otho
853 1919 1046 1962 Titianus,
1080 1922 1140 1966 qui

272 1982 353 2005 cum
374 1983 418 2006 ex
436 1973 525 2006 urbe
546 1973 590 2007 ad
611 1974 747 2009 bellum
767 1979 896 2011 contra
915 1978 1143 2013 Vitellianos

268 2030 467 2073 gerendum
485 2042 550 2076 pro
558 2031 674 2066 fectus
690 2037 794 2068 esset
808 2034 912 2079 (Tae.
928 2036 1007 2070 hist.
1023 2037 1055 2080 2,
1069 2037 1142 2079 23),

268 2089 554 2132 promagistrum
607 2090 812 2126 invenimus
862 2093 907 2126 L.
962 2093 1143 2128 Maecium

269 2146 501 2180 Postumum.
550 2147 589 2181 Is
615 2158 695 2182 cum
722 2149 833 2183 etiam
860 2151 989 2195 primis
1008 2153 1144 2187 meusi-

271 2203 342 2237 bus
372 2204 519 2250 imperii
544 2205 743 2240 Vitelliani
774 2218 819 2241 eo
847 2208 970 2243 officio
998 2210 1144 2245 functus

273 2261 335 2303 sit,
362 2265 496 2306 postea
524 2262 634 2296 alium
662 2264 843 2308 quendam
863 2268 1144 2311 promagistrum

271 2318 409 2361 fuisse,
436 2319 527 2354 licet
550 2321 705 2366 perierit
739 2334 887 2366 nomen,
923 2336 1146 2370 praenomen

275 2377 368 2410 satis
401 2377 544 2412 iudicat
580 2389 602 2412 a
626 2381 866 2423 praenomine
892 2383 1063 2417 Postumi
1093 2383 1146 2417 di-

272 2444 435 2474 versum;
471 2435 517 2469 ef.
543 2446 575 2470 a.
602 2438 646 2471 69
674 2437 894 2480 tab.11‚16.
949 2441 1018 2474 Illo
1051 2452 1147 2475 anno

274 2492 545 2536 promagistros
572 2493 630 2528 bis
657 2499 818 2530 mutatos
847 2508 931 2532 esse
950 2498 981 2532 si
1003 2499 1084 2543 quis
1104 2509 1149 2532 ex

276 2551 428 2585 mutatis
448 2551 611 2596 publicis
630 2553 741 2587 rebus
761 2555 948 2599 explicare
968 2556 1149 2598 maluerit,

280 2608 312 2642 is
346 2613 386 2643 ut
418 2610 553 2644 erroris
588 2611 738 2655 coargui
771 2613 918 2657 nequit,
954 2614 1007 2648 ita
1039 2613 1084 2648 de
1111 2625 1150 2648 re

279 2669 449 2708 constat,
483 2677 562 2701 cum
589 2666 682 2702 duos
710 2670 822 2703 etiam
850 2681 946 2704 anuo
974 2672 1041 2706 155
1066 2683 1149 2717 pro-

279 2724 481 2767 magistros
508 2724 730 2768 habeamus,
757 2726 806 2762 M.
833 2727 1001 2762 Fulvium
1028 2730 1151 2775 Apro-

282 2781 428 2815 nianum
463 2785 502 2816 et
529 2781 569 2817 C.
596 2783 726 2818 Iulium
755 2784 972 2828 Maximum,
1001 2797 1151 2831 quornm

277 2838 340 2872 ille
367 2839 517 2884 saepius
546 2840 609 2881 (ct.
635 2851 667 2876 a.
686 2843 764 2884 155,
791 2842 824 2878 4.
850 2843 906 2878 29.
932 2844 988 2878 32.
1014 2845 1071 2879 36.
1096 2845 1153 2880 43.

275 2896 331 2931 51.
358 2897 436 2938 66),
466 2896 524 2931 hic
551 2898 666 2932 semel
693 2901 740 2940 (v.
769 2900 826 2942 12)
854 2899 977 2935 officio
1007 2901 1152 2935 functus

277 2955 347 2988 est.
398 2953 490 2987 Item
519 2965 615 2989 anno
644 2957 711 2991 119
736 2957 909 2991 videntur
935 2958 1051 2992 fuisse
1069 2969 1153 3003 pro-

278 3011 446 3054 magistri
467 3011 650 3047 Hosidius
670 3013 768 3048 Geta
786 3017 825 3048 et
852 3014 1016 3050 Iulianus
1036 3017 1151 3050 Alex-

277 3068 401 3103 ander.

370 3126 398 3169 2)
425 3128 472 3162 cf.
499 3139 530 3162 e.
557 3138 593 3172 g.
618 3139 648 3163 a.
677 3129 738 3170 81,
762 3129 808 3164 35
826 3131 864 3163 et
889 3129 952 3164 45:
979 3128 1020 3162 L.
1046 3130 1149 3163 Pom—

274 3185 374 3225 peius
407 3184 572 3228 Vopiscus
599 3186 634 3222 C.
653 3188 849 3220 Arruntius
870 3187 1036 3221 Curemus
1054 3187 1151 3222 Celer

275 3245 507 3289 promayisler
534 3243 568 3279 C.
596 3244 682 3278 Ῑιιπί
708 3244 884 3291 fllefitani.

1306 1861 1333 1903 ³)
1361 1863 1406 1896 cf.
1438 1861 1578 1907 passim
1615 1865 1700 1896 acta
1734 1861 1780 1895 ad
1815 1871 1958 1895 sacrum
1994 1861 2086 1894 deae

1212 1919 1306 1953 Diae
1332 1918 1566 1964 pertinentia.

1306 1976 1334 2020 ⁴)
1361 1978 1406 2012 A.
1435 1977 1502 2011 122
1529 1977 1752 2011 conveniunt
1779 1977 1937 2011 Arvales
1964 1977 1999 2010 in
2026 1977 2088 2010 do-

1214 2045 1309 2069 murn
1336 2034 1487 2070 Hosidii
1522 2034 1660 2075 Getae,
1696 2034 1757 2078 qui
1792 2035 1971 2079 magister
2001 2036 2088 2068 tune

1214 2103 1285 2126 non
1314 2095 1414 2133 erat;
1442 2103 1473 2127 a.
1495 2093 1560 2126 155
1586 2092 1620 2125 in
1650 2091 1795 2126 domum
1821 2092 1937 2126 Primi
1965 2092 2087 2125 euius-

1216 2150 1319 2190 dam,
1352 2151 1442 2184 licet
1474 2150 1651 2193 magister
1677 2153 1782 2183 esset
1806 2150 1963 2184 Avillius
1991 2151 2088 2193 Qua-

1215 2208 1361 2249 dratus;
1396 2219 1428 2242 a.
1454 2208 1523 2242 213
1549 2207 1585 2240 in
1613 2207 1759 2241 domum
1786 2208 1887 2241 Aelii
1915 2208 2087 2249 Coerani,

1217 2266 1279 2310 qui
1305 2266 1483 2309 magister
1509 2276 1581 2299 non
1609 2269 1700 2299 erat.

1311 2324 1337 2365 5)
1366 2323 1405 2357 cf
1439 2325 1526 2358 Ant.
1554 2323 1614 2357 Pii
1642 2324 1695 2356 A:
1726 2323 1894 2357 similiter
1920 2323 2090 2357 videntur

1217 2380 1363 2414 restitui
1391 2380 1527 2414 debere
1547 2383 1632 2414 acta
1658 2391 1689 2415 a.
1713 2382 1782 2416 218
1798 2393 1830 2421 a,
1849 2381 1884 2415 5.

1313 2438 1338 2477 ⁶)
1366 2439 1412 2473 cf.
1440 2438 1486 2480 de
1511 2438 1571 2472 die
1590 2438 1706 2472 altero
1732 2439 1767 2472 in
1795 2438 1875 2472 luco
1901 2439 2090 2473 celebrato

1219 2507 1249 2529 a.
1269 2497 1325 2530 81.
1344 2497 1400 2532 87.
1419 2497 1474 2531 89.
1492 2498 1547 2531 90.
1565 2497 1619 2531 91.
1641 2497 1716 2531 105.
1738 2497 1815 2531 120.
1833 2497 1910 2531 155.
1930 2498 2010 2531 213.
2046 2498 2087 2531 Iu

1219 2554 1314 2587 actis
1342 2565 1374 2589 a.
1389 2555 1433 2589 81
1462 2553 1558 2587 idem
1586 2553 1721 2597 legitur
1747 2552 1791 2587 de
1819 2553 1951 2588 diebus
1971 2555 2088 2599 primo

1220 2621 1264 2645 ac
1290 2610 1401 2645 tertio
1429 2612 1464 2652 &8
1491 2622 1599 2656 seqq.
1627 2614 1665 2645 et
1690 2611 1736 2645 24
1762 2613 1902 2656 seqq.)‚
1931 2612 2027 2645 unde
2054 2614 2091 2646 in

1220 2669 1357 2702 ceteris
1384 2668 1498 2702 verba
1524 2668 1587 2702 illa
1603 2671 1802 2713 propterea
1822 2673 1961 2703 tautum
1979 2670 2091 2704 credo

1223 2725 1362 2760 omissa
1377 2736 1475 2767 esse,
1496 2725 1593 2770 quod
1611 2736 1690 2759 cum
1709 2726 1743 2759 in
1762 2726 1906 2760 domum
1926 2728 2093 2772 magistri

1224 2783 1383 2818 Arvales
1418 2781 1707 2825 conveniebant,
1753 2784 1826 2819 illis
1862 2788 1962 2819 certe
1999 2797 2093 2830 opus

1222 2852 1293 2875 non
1322 2845 1412 2878 erat.
2022 2875 2024 2877 .

1317 2900 1344 2944 ⁷)
1371 2899 1416 2936 cf.
1445 2911 1477 2936 a.
1507 2901 1584 2937 105.
1619 2902 1696 2936 118.
1723 2901 1896 2936 12Ο.155.
1918 2902 1994 2936 183.
2016 2903 2092 2936 186.

1222 2957 1302 2993 213.
1321 2959 1391 2993 218
1417 2962 1488 2994 cet.

1317 3014 1343 3056 Β)
1377 3016 1424 3051 cf.
1459 3019 1544 3051 acta
1578 3017 1623 3050 ad
1665 3017 1760 3050 diem
1802 3015 1955 3049 alterum
1996 3016 2093 3050 sacri

1223 3071 1315 3107 deae
1343 3073 1436 3108 Diae
1464 3074 1689 3119 pertinentia
1714 3085 1745 3108 a.
1764 3074 1820 3109 87.
1837 3074 1894 3108 89.
1913 3074 1969 3108 90.
1989 3075 2044 3108 91.

1317 3131 1343 3173 ⁹)
1371 3131 1418 3164 cf.
1447 3143 1479 3164 a.
1508 3133 1585 3166 118.
1608 3132 1684 3165 119.
1708 3131 1785 3166 120.
1808 3131 1889 3165 122.

1319 3189 1359 3232 ¹⁰)
1387 3189 1433 3224 cf.
1459 3199 1488 3222 a.
1507 3188 1582 3223 155.
1606 3189 1684 3224 183.
1704 3188 1784 3224 213.
1807 3189 1885 3223 218.
1914 3188 2027 3225 Mare.
2050 3188 2093 3225 Ε.
