2340 3658
363 159 442 202 134
1176 158 1339 193 Piacula.

363 274 464 313 enim
507 287 593 313 cum
635 275 764 313 liberti
807 278 940 312 essent
975 274 1136 311 fratrum
1166 273 1380 323 Arvalium,
1411 275 1585 314 Porcius
1613 276 1763 315 calator
1790 275 2015 314 necessario
2043 274 2174 325 poscit

366 338 553 376 Porcium
580 337 821 386 magistrum.
877 337 1040 375 Calator
1081 340 1213 374 autem
1253 348 1339 374 cum
1386 342 1522 386 ageret-
1561 338 1645 376 vice
1673 338 1904 385 sacerdotis,
1932 349 2010 375 non
2038 337 2178 376 aderat

365 401 635 449 caerimoniae,
677 414 763 439 cum
806 401 867 438 hic
908 400 992 449 ipse
1034 410 1148 437 sacra
1195 399 1378 439 faciebat.
1434 401 1611 452 Eamque
1648 403 1698 440 ob
1728 413 1887 441 eausam
1917 400 2047 450 quiin
2077 400 2176 439 actis

366 465 455 502 anni
486 466 559 502 222
589 467 914 502 commemoratur
944 462 1117 510 Augusti
1144 462 1326 510 libertus,
1355 475 1431 501 non
1462 469 1594 514 potest
1619 466 1740 503 fuisse
1770 464 1937 510 calator,
1970 474 2057 501 cum
2097 461 2179 513 pia-

367 529 494 565 culum
523 527 659 566 fecerit
687 527 772 576 ipse
803 525 941 563 Aelius
965 524 1214 564 Secundinus
1244 525 1433 575 magister
1461 527 1527 577 qui
1555 528 1692 567 fuerat.
1722 525 1838 575 Quod
1857 537 1960 564 anno
1975 527 2050 564 219
2069 526 2180 565 tabu-

367 591 485 629 larius
527 590 689 628 rationis
731 589 947 626 castrensis
994 589 1189 637 piaculum
1232 589 1336 638 fecit,
1379 602 1455 639 quo
1496 592 1612 630 modo
1654 589 1931 641 explicandum
1962 588 2024 638 sit,
2057 587 2181 627 minus

373 655 506 704 liquet.
562 655 681 691 Anno
711 653 783 690 218
819 664 903 690 cnm
933 653 1120 689 incertum
1151 652 1201 690 sit
1229 652 1316 701 quis
1355 653 1545 702 magister
1572 653 1776 693 Arvalium
1818 651 1948 700 fuerit,
1990 650 2182 690 hominem

376 728 452 754 non
494 716 687 766 privatum
728 714 955 763 magisterio
998 715 1172 752 functum
1214 726 1302 752 esse
1336 716 1623 764 quodammodo
1654 716 1828 754 indicare
1868 714 2041 762 videtur,
2076 712 2182 764 quod

375 780 500 830 primo
530 778 826 815 Ambarvalium
870 778 931 814 die
960 778 1128 815 Arvales
1170 780 1208 814 in
1236 779 1384 816 Palatio
1424 781 1462 816 in
1504 781 1672 818 divorum
1713 779 2000 826 convenerunt,
2028 789 2114 816 cum
2142 776 2181 815 in

375 844 528 880 domum
558 841 735 888 magistri
764 841 991 890 plerumque
1021 841 1229 878 convenire
1259 842 1441 880 solerent.
1495 842 1580 881 Iam
1611 855 1702 881 vero
1730 854 1816 881 cum
1846 852 1949 880 anno
1988 841 2063 879 218
2091 840 2184 879 Ela-

374 906 541 954 gabalus
584 906 690 942 certe
732 903 921 951 magister
964 916 1039 941 uon
1069 903 1196 952 fuerit,
1234 905 1380 954 quippe
1409 906 1475 955 qui
1503 917 1549 944 eo
1579 906 1731 944 demum
1760 917 1861 943 anno
1890 905 1990 943 inter
2016 903 2183 943 Arvales

373 972 585 1018 cooptatus
624 967 684 1015 sit,
715 967 880 1015 ‹eogltari
918 971 1051 1016 potest
1079 967 1126 1005 de
1156 967 1351 1017 Macrim,
1380 980 1614 1019 quamquam
1656 964 1749 1007 sane
1789 967 1992 1019 probabile
2021 961 2096 1005 non
2123 971 2187 1005 est

377 1038 468 1082 post
495 1030 659 1069 caedem
689 1030 771 1067 eius
801 1031 1069 1080 magisterium
1097 1042 1167 1080 per
1195 1042 1266 1068 sex
1301 1043 1454 1069 menses
1498 1045 1662 1071 vacuum
1705 1032 1882 1070 relictum
1922 1041 2021 1069 esse.
2074 1028 2186 1068 Nihi-

373 1096 539 1135 lominus
569 1095 613 1133 id
647 1094 798 1131 videtur
826 1093 1110 1132 admittendum
1141 1105 1228 1132 esse
1258 1101 1296 1133 et
1331 1100 1399 1133 aut
1435 1097 1687 1134 statuendum
1725 1095 1930 1133 deficiente
1964 1093 2040 1132 iam
2070 1104 2186 1131 caeso

374 1160 553 1199 Macrino
594 1160 770 1198 calatore
808 1159 888 1197 eius
927 1159 1161 1198 tabularium
1195 1170 1266 1207 pro
1303 1159 1476 1196 calatore
1522 1161 1614 1198 aeta
1653 1158 1864 1197 incidenda
1899 1167 2078 1204 curasse,
2119 1159 2187 1194 aut

379 1223 616 1261 tabularium
668 1223 775 1260 illum
825 1223 937 1260 simul
987 1221 1173 1259 calatoris
1227 1233 1382 1259 munere
1425 1223 1598 1260 sunctum
1640 1233 1740 1260 esse.
1781 1243 1832 1249 —
1874 1221 2040 1260 Praeter
2080 1219 2184 1258 cala-

381 1292 486 1325 tores
531 1291 570 1324 et
612 1298 725 1335 quem
770 1298 901 1324 eorum
958 1286 1046 1323 loco
1098 1285 1263 1323 vidimus
1312 1285 1432 1323 fuisse
1482 1285 1717 1324 tabularium
1766 1285 1913 1336 publici
1955 1295 2186 1322 commemo·

381 1356 528 1398 rantur,
560 1361 706 1400 eosque
736 1350 901 1387 calatori
921 1349 957 1387 in
979 1349 1102 1387 sacris
1126 1352 1286 1398 praesto
1314 1349 1432 1387 fuisse
1462 1348 1636 1387 ostendit
1662 1349 1767 1399 qnod
1795 1349 1833 1386 in
1861 1347 1961 1387 actis
1996 1346 2087 1384 anni
2109 1347 2184 1385 225

384 1414 695 1453 ministrantibus
724 1414 770 1451 iis
800 1413 1020 1451 immolasse
1050 1413 1237 1461 magister
1266 1412 1416 1451 dicitur.
1476 1411 1575 1451 Cum
1604 1417 1733 1450 autem
1760 1412 1798 1450 in
1828 1409 2087 1449 sacrificando
2107 1421 2185 1447 non

384 1483 549 1528 agerent
576 1478 649 1516 nisi
679 1481 811 1526 partes
841 1476 1049 1526 secundas,
1078 1476 1223 1514 mentio
1251 1488 1382 1513 eorum
1412 1487 1688 1526 nonnunquam
1730 1475 1767 1513 in
1809 1474 1909 1513 actis
1950 1473 2098 1513 omissa
2125 1477 2188 1511 est

384 1542 449 1590 (cf.
479 1542 527 1579 92
557 1546 596 1579 et
622 1541 725 1590 222).
784 1541 882 1579 Cum
913 1551 1004 1578 vero
1034 1541 1118 1589 ipse
1149 1540 1350 1588 magister,
1392 1538 1500 1577 cuius
1542 1544 1631 1577 acta
1671 1539 1955 1586 incidebantur,
1990 1536 2186 1587 piaculum

385 1605 569 1652 faciebat,
597 1610 752 1654 praeter
778 1603 959 1653 publicos
990 1608 1343 1641 commemorantur
1370 1603 1488 1641 etiam
1515 1602 1689 1640 homines
1721 1601 1920 1654 quidama
1938 1601 2054 1637 sacris
2081 1599 2188 1648 (221)

385 1669 446 1706 vel
475 1683 499 1706 a
525 1670 640 1705 sacris
668 1669 806 1704 domim·
832 1670 957 1713 nostri,
986 1667 1052 1717 qui
1080 1679 1152 1705 nec
1180 1667 1427 1704 immolarunt
1453 1678 1524 1704 nec
1553 1666 1833 1718 ministrarunt,
1862 1664 1931 1703 sed
1957 1666 2188 1713 praesentes

388 1731 570 1770 dicuntur
615 1731 735 1768 fuisse
778 1730 897 1781 (225).
954 1730 1062 1778 Quos
1106 1735 1210 1768 recte
1252 1729 1430 1767 distinxit
1456 1730 1644 1768 Marinius
1674 1740 1697 1767 a
1725 1727 1999 1766 sacerdotibus
2028 1726 2092 1777 qui
2135 1725 2190 1764 di-

388 1801 526 1834 cuntur
560 1794 806 1844 imperatoris
844 1794 1015 1843 Augusti
1053 1795 1163 1842 (ArV.
1192 1806 1229 1843 p.
1246 1792 1341 1840 5793
1379 1793 1427 1831 cf.
1455 1805 1574 1842 supra
1600 1806 1638 1843 p.
1660 1793 1705 1830 16
1723 1790 1845 1841 seq.),
1885 1790 2083 1830 ministros
2123 1802 2190 1828 eos

391 1860 451 1897 vel
488 1858 667 1896 aedituos
703 1858 822 1895 fuisse
859 1857 1076 1905 affirmans,
1122 1869 1354 1907 quamquam
1391 1869 1505 1906 quam
1541 1856 1590 1894 ob
1629 1867 1786 1893 causam
1827 1854 2032 1893 Arvalium
2068 1853 2191 1892 sacris

388 1923 633 1960 interfuerint
678 1933 815 1971 parum
863 1921 994 1971 liquet.
1063 1921 1112 1958 Id
1163 1924 1314 1959 tantum
1368 1924 1526 1958 constat
1576 1918 1868 1967 sacerdotibus,
1926 1930 2011 1956 cum
2059 1917 2192 1968 piacu-

389 1987 466 2024 lum
496 1986 573 2036 ipsi
601 1985 813 2032 faciebant,
839 1985 972 2034 plures
1002 1996 1118 2034 quam
1147 1983 1386 2022 calator-ibus
1416 1983 1614 2021 ministros
1649 1981 1824 2020 adfuisse
1861 1993 1906 2020 ac
1936 1981 2080 2019 maiore
2108 1991 2195 2018 cum

391 2052 585 2099 apparatu
613 2047 869 2086 caerimonias
899 2047 1120 2085 celebratas
1150 2058 1248 2084 esse.
1304 2047 1391 2086 Nec
1432 2046 1572 2084 iniuria
1610 2044 1803 2083 Marinius
1848 2043 1904 2095 (p.
1931 2043 2024 2094 209)
2065 2046 2195 2081 aetate

392 2112 610 2162 antiquiore
639 2112 846 2160 calatores‚
875 2111 1094 2161 posteriore
1121 2109 1229 2160 ipsos
1259 2110 1427 2149 Arvales
1456 2108 1651 2159 piaculum
1682 2108 1827 2146 fecisse
1867 2108 2018 2158 posuit:
2062 2118 2195 2157 quam-

393 2187 507 2226 quam
538 2187 609 2213 nee
638 2179 726 2223 ante
756 2187 898 2212 annum
926 2175 999 2211 221
1030 2174 1151 2211 ullum
1193 2175 1367 2212 novimus
1406 2172 1628 2223 exemplum
1669 2171 1815 2221 piaculi
1856 2182 1928 2221 per
1967 2171 2196 2220 magistrum

392 2239 506 2288 facti,
556 2243 595 2277 et
643 2239 758 2277 etiam
807 2242 898 2276 tunc
947 2237 1142 2276 interdum
1192 2242 1296 2276 certe
1340 2237 1567 2276 sacerdotes
1610 2246 1682 2285 per
1719 2235 1931 2274 calatorem
1973 2234 2196 2272 immolasse

394 2307 487 2341 acta
513 2301 694 2341 elationis
724 2301 813 2339 anni
841 2303 914 2340 225
945 2301 1166 2340 ostendunt.
1196 2324 1244 2329 —
1273 2301 1403 2340 Semel
1431 2300 1598 2350 denique
1626 2298 1771 2336 mentio
1798 2298 1841 2336 fit
1877 2295 2197 2336 commentarien-

396 2365 462 2414 sis,
492 2365 555 2415 qui
583 2367 739 2415 praeter
766 2365 949 2414 publicos
979 2369 1017 2403 et
1048 2377 1070 2402 a
1099 2365 1221 2403 sacris
1250 2364 1387 2413 adfuit,
1415 2375 1502 2402 cum
1533 2364 1583 2402 ob
1613 2361 1820 2400 elationem
1861 2359 1951 2399 ferri
1994 2371 2095 2399 anno
2122 2360 2196 2397 221
2226 2400 2232 2404 ,

395 2430 517 2468 frater
554 2429 712 2467 Arvalis
741 2429 938 2479 piaculum
973 2429 1131 2467 faceret.
1192 2428 1278 2466 Iam
1318 2439 1404 2466 cum
1445 2429 1751 2466 consentaneum
1794 2424 1860 2473 sit,
1897 2424 1964 2474 qui
1997 2428 2088 2462 aeta
2123 2426 2198 2461 Ar-

397 2492 537 2531 valium
577 2492 616 2529 in
659 2494 959 2531 commentarios
988 2492 1214 2540 rettulisset,
1243 2491 1408 2530 eundem
1449 2489 1660 2528 incidenda
1687 2500 1735 2526 ea
1773 2499 1948 2536 curasse,
1977 2486 2080 2525 hunc
2107 2498 2199 2536 pro-

396 2556 526 2593 babile
556 2560 617 2594 est
646 2567 799 2605 semper
826 2556 983 2606 piaculo
1013 2555 1192 2594 elationis
1237 2554 1422 2602 adfuisse,
1465 2565 1604 2591 nomen
1639 2556 1767 2590 autem
1807 2551 1845 2588 in
1887 2550 1985 2588 actis
2014 2549 2197 2588 omissum

398 2630 498 2667 esse,
529 2619 620 2668 quia
647 2619 684 2657 in
712 2620 799 2669 ipso
827 2619 985 2670 piaculo
1013 2618 1195 2656 faciendo
1225 2623 1356 2668 partes
1386 2620 1522 2666 ageret
1561 2615 1708 2663 nullas,
1749 2618 1791 2652 ut
1832 2613 1954 2652 solum
1983 2613 2196 2652 calatorem

398 2681 563 2719 vidimus
603 2687 854 2722 memoratum
894 2693 1172 2732 nonnunquam
1214 2693 1314 2729 esse,
1357 2691 1594 2730 quamquam
1621 2678 1770 2728 publici
1809 2687 1964 2729 semper
1999 2675 2034 2714 ei
2062 2674 2196 2715 adfue-

399 2749 496 2785 runt.
552 2746 611 2784 De
641 2747 815 2785 calatore
842 2751 882 2785 et
908 2746 1076 2796 publicis
1107 2745 1154 2784 cf.
1185 2743 1401 2783 Exordium
1429 2756 1466 2794 p.
1496 2743 1582 2782 VII
1611 2754 1695 2792 seq.
