2340 3658
125 265 138 273 ἢ
1043 204 1212 247 Piacnia.
1856 246 1862 247 ἶ
1959 209 2039 254 147

173 319 204 343 ·’
227 320 309 367 183
690 320 849 365 Vestae
879 336 983 366 oves
1010 325 1069 368 II.

692 400 850 443 Vestae
880 403 1008 444 matri
1038 417 1143 447 oves
1171 405 1229 447 ΙΙ.
1252 421 1254 423 ’

224 479 311 522 224
692 479 851 522 Vestae
879 482 1003 523 matri
1034 483 1177 537 ov(es)
1205 484 1261 526 ΙΙ.

695 557 884 617 Ves[tae]
917 560 1129 615 de0(rum)
1159 561 1494 617 dear(um)q(ue)
1524 563 1662 618 ov(es)
1691 562 1748 606 ΙΙ.

329 637 448 686 Quod
475 639 605 677 Vesta
631 638 780 677 claudit
803 649 946 687 agmen
975 641 1172 678 numinum
1213 653 1346 680 eorum
1391 643 1534 692 quibus
1577 642 1628 679 ad
1669 653 1758 679 aras
1799 642 2039 691 temporales

224 700 467 739 immolatum
495 706 569 749 est,
595 705 702 738 recte
730 713 773 738 se
801 700 940 748 habet;
969 702 1108 741 scribit
1135 703 1237 741 enim
1267 703 1411 742 Cicero
1438 705 1501 751 (de
1527 706 1628 742 deor.
1655 711 1732 746 nat.
1759 706 1800 751 2,
1822 704 1909 753 27):
1943 717 2040 742 eum·

226 774 296 812 que
318 765 359 799 in
384 763 546 800 manebus
569 763 676 800 rebus
700 765 772 799 vim
801 763 978 800 haberent
1002 777 1209 802 maxumam
1231 769 1358 815 prima
1381 773 1413 802 et
1437 772 1608 812 extrema,
1627 770 1835 816 Izrinmpem
1859 770 1900 804 in
1924 770 2039 804 sacri-

215 826 373 872 ficando
413 826 549 862 Iamtm
588 837 660 862 esse
696 825 891 863 voluerunt
919 855 1079 863 .....
1108 830 1210 864 Nam
1245 828 1374 866 Vestae
1412 842 1542 866 nomen
1582 841 1606 864 a
1648 828 1803 866 Graec-is
1831 850 1884 856 —
1910 841 1955 866 ea
1993 836 2044 866 est

226 889 331 932 em‘m,
359 899 453 936 quae
478 887 524 924 ab
552 887 625 923 illis
645 883 788 923 Ἑστία
816 889 950 924 dicitur
984 909 1037 916 —-
1074 892 1129 926 vis
1167 897 1289 927 autem
1329 888 1404 927 eius
1445 891 1497 927 ad
1535 903 1625 927 aras
1665 898 1698 927 ee
1724 893 1837 939 socos
1868 893 2041 940 pertinet.
2098 902 2106 909 ·

114 951 127 957 ’”
158 998 162 1000 v
225 949 360 997 Itaque
383 950 423 986 in
450 961 495 986 ea
520 950 602 994 dea,
630 950 731 997 quod
754 956 805 985 est
829 956 946 986 mestos
971 963 1090 987 rerum
1114 953 1347 997 haumarum,
1375 956 1490 990 omnis
1516 959 1548 989 ec
1568 955 1735 1001 precatio
1762 959 1796 989 et
1819 955 2041 1002 samficatio

227 1017 386 1048 extr-ema
411 1017 474 1048 est.
530 1009 596 1049 Cf.
624 1011 767 1048 Marini
794 1023 832 1060 p.
860 1012 937 1049 378
965 1016 1006 1049 et
1033 1012 1213 1050 Preuuer
1240 1014 1388 1050 Hestia—
1401 1015 1510 1053 l'esta
1536 1027 1575 1063 p.
1602 1015 1664 1052 28.

331 1084 461 1123 Vesta
489 1083 652 1122 deornm
678 1085 920 1134 dearumque
941 1097 1018 1134 quo
1038 1086 1154 1123 modo
1174 1098 1198 1124 a
1214 1086 1340 1125 Vesta
1359 1093 1483 1125 matre
1506 1087 1665 1125 diversa
1682 1087 1811 1135 fuerit,
1839 1099 1915 1136 ego
1935 1094 2042 1127 certe

227 1158 306 1185 non
333 1146 544 1197 perspicio.
600 1146 717 1183 Illam
746 1146 941 1184 Marinius
971 1145 1024 1197 (p.
1054 1149 1147 1197 380)
1175 1150 1399 1199 repperisse
1430 1150 1505 1187 sibi
1546 1151 1650 1187 visus
1691 1153 1754 1187 est
1780 1150 1885 1199 apud
1913 1153 2040 1189 Aruo-

228 1208 334 1247 bium
362 1207 416 1259 (3,
442 1208 531 1259 32):
562 1211 661 1245 trina
679 1212 830 1257 pariter
856 1212 1005 1246 numina
1032 1210 1132 1247 cobis
1156 1213 1408 1260 interpretibus
1438 1212 1539 1250 nulla
1580 1219 1682 1249 sunt.-
1720 1225 1795 1249 uon
1822 1212 1939 1258 Ceres,
1968 1227 2043 1252 non

237 1271 347 1311 Vesta
378 1272 528 1308 deorum
566 1283 639 1307 esse
677 1272 975 1320 computabumm-
1014 1275 1052 1309 in
1070 1274 1197 1322 fastis,
1235 1286 1307 1311 non
1346 1278 1429 1323 ipsa
1459 1276 1610 1324 denique
1635 1276 1763 1312 Mater
1801 1275 1905 1312 deum
1945 1283 2041 1323 cet.;

203 1333 314 1376 'sede
332 1334 539 1386 genetivus
573 1335 735 1379 deorum,
761 1345 878 1382 quem
920 1346 1008 1372 cum
1046 1336 1200 1372 nomine
1229 1335 1378 1374 Vestae
1418 1337 1483 1374 ille
1519 1337 1705 1385 conectit,
1745 1338 2043 1386 coniungendas

224 1395 362 1446 potius
390 1395 545 1434 videtur
572 1407 661 1434 esse
689 1407 776 1434 cum
804 1396 935 1433 verbis
970 1399 1010 1433 in
1026 1398 1150 1445 fastis.
1206 1398 1335 1435 Vesta
1376 1406 1505 1436 autem
1546 1399 1613 1436 ubi
1652 1405 1777 1436 mater
1802 1411 1827 1437 a
1853 1398 2044 1437 Romanis

230 1458 467 1509 appellatur,
507 1458 598 1508 ipsa
637 1463 698 1496 est
736 1458 805 1495 illa
834 1470 936 1507 quae
965 1471 989 1495 a
1021 1459 1247 1497 Vestalibus
1282 1461 1421 1498 colitur
1462 1462 1527 1509 (cf.
1556 1461 1709 1510 Vergil.
1741 1461 1875 1511 Georq.
1907 1464 1940 1509 1,
1966 1463 2043 1500 498

230 1525 273 1558 et
297 1521 365 1571 qui
391 1532 600 1571 perperam
627 1533 651 1559 a
682 1521 864 1559 Prellero
905 1522 1048 1559 citatur
1087 1522 1224 1560 titulus
1253 1522 1319 1561 Or.
1352 1525 1462 1571 1181,
1501 1524 1541 1560 in
1568 1535 1646 1573 quo
1686 1524 1864 1573 pontifex
1891 1523 2044 1562 Vestae

229 1583 367 1625 matris
408 1583 563 1621 minime
604 1583 782 1620 diversus
824 1590 885 1620 est
925 1595 950 1620 a
990 1584 1174 1633 pontifice
1220 1585 1449 1633 simpliciter
1488 1586 1609 1634 dicto)
1655 1598 1819 1635 eamque
1866 1586 2044 1636 quamvis

230 1645 424 1694 virginem
450 1645 584 1683 indole
611 1650 742 1684 tamen
771 1645 942 1695 quadam
970 1652 1147 1684 materna
1173 1648 1392 1696 praeditam
1421 1647 1541 1686 fuisse
1570 1660 1694 1696 nuper
1718 1648 1901 1697 exposuit
1920 1648 2043 1685 Pren-

234 1717 352 1746 uerus
381 1708 421 1756 (1.
449 1719 483 1745 c.
512 1719 549 1758 p.
576 1708 651 1745 333
680 1719 791 1757 seqq.
820 1711 860 1745 et
885 1709 962 1746 420
991 1711 1130 1758 seqq).
1176 1709 1305 1748 Vesta
1342 1714 1465 1747 mater
1498 1710 1706 1748 invocatur
1732 1710 1849 1747 etiam
1875 1710 1914 1747 in
1942 1711 2043 1747 votis

231 1780 334 1807 anuo
363 1770 436 1807 101
464 1780 537 1819 pro
563 1770 621 1807 itu
649 1775 689 1807 et
718 1769 848 1807 reditu
877 1769 1039 1808 Traiani
1067 1771 1182 1808 factis
1212 1770 1269 1820 (p.
1294 1773 1395 1820 124).

332 1843 373 1880 A
402 1843 625 1880 numinibus
650 1842 853 1892 hucusque
881 1843 1116 1881 enumeratis
1143 1855 1241 1882 voce
1267 1847 1348 1882 item
1390 1848 1599 1894 separatur
1626 1843 1703 1882 dea
1723 1845 1919 1894 quaedam
1938 1846 2045 1884 varie

103 1897 127 1954 'f
155 1950 158 1951 ⁷
228 1904 271 1943 iu
292 1904 398 1953 actis
424 1905 623 1943 indicata.
675 1904 789 1943 Haec
817 1906 918 1943 euim
946 1910 1143 1956 concepta
1169 1911 1262 1943 sunt
1287 1906 1365 1943 sic:

234 1988 315 2032 183
346 1987 462 2055 [218]
706 1990 963 2034 Adolendae
1001 1990 1334 2034 Commolandae
1381 1992 1487 2046 (sive
1530 1991 1880 2046 Commolendae)
1919 1993 2047 2036 Defe-

768 2057 931 2101 rundae
962 2071 1066 2100 oves
1095 2057 1151 2101 11.
1173 2058 1205 2113 ¹)

702 2128 729 2168 ¹)
748 2129 870 2170 fracto
896 2127 1017 2169 lapide
1036 2129 1148 2169 periit
1172 2138 1299 2160 nomen
1338 2128 1430 2170 quod
1464 2139 1535 2160 non
1572 2134 1703 2160 constat
1738 2139 1822 2160 num
1852 2129 1961 2172 plane
1990 2142 2045 2164 re·

766 2174 951 2254 flonbc‘iierit
985 2175 1120 2206 nomini
1157 2175 1196 2206 in
1233 2175 1322 2207 actis
1362 2175 1449 2206 aveni
1481 2174 1550 2208 1⁷53
1585 2176 1716 2207 usitato
1740 2173 1829 2215 21&
1864 2186 2045 2219 uxumero)

832 2231 844 2253 ι
897 2247 905 2255 .

231 2297 316 2341 224
699 2298 994 2354 Adolend(ae)
1024 2298 1372 2355 Coinq(uendae)
1404 2300 1545 2354 ov(es)
1575 2299 1632 2342 Π.

336 2378 524 2416 Binarius
566 2378 809 2423 victimatum
852 2390 1034 2416 numerus
1076 2378 1251 2416 ostendit
1290 2379 1339 2416 de
1381 2391 1458 2416 uno
1495 2380 1652 2416 numine
1681 2379 1757 2426 agi.
1811 2378 2046 2419 Pertinebat

233 2443 361 2478 autem
388 2440 431 2478 id
457 2440 510 2479 ad
536 2441 665 2491 ipsum
692 2446 833 2487 actum,
862 2447 1027 2491 propter
1054 2452 1167 2490 quem
1198 2441 1396 2489 piaculum
1424 2441 1647 2479 faciendum
1676 2446 1772 2488 erat,
1802 2442 1852 2478 ob
1882 2455 2045 2493 eamque

233 2507 392 2542 causam
427 2515 507 2542 non
541 2503 679 2541 eodem
716 2515 872 2552 semper
906 2503 1060 2540 nomine
1095 2503 1384 2552 appellabatur.
1454 2503 1553 2542 Cum
1590 2504 1691 2540 euim
1725 2513 1830 2541 anuo
1861 2506 1931 2543 183
1967 2506 2047 2553 pia-

234 2563 363 2603 culum
393 2564 506 2604 fieret
533 2566 583 2604 ob
611 2565 727 2603 ficum
753 2566 794 2603 in
819 2565 981 2614 fastigio
1009 2564 1121 2602 aedis
1150 2565 1375 2613 eruendam,
1404 2567 1522 2603 arbor
1549 2566 1617 2603 illa
1644 2565 1818 2604 debebat
1844 2567 1971 2615 primo
1998 2566 2047 2603 de

231 2626 396 2676 fastigio
437 2627 523 2665 tolli
563 2627 735 2678 indeque
777 2627 934 2675 deferri,
961 2626 1102 2664 deinde
1132 2627 1325 2676 commoli,
1368 2628 1536 2678 denique
1566 2627 1714 2664 adoleri
1743 2627 1824 2664 sive
1854 2627 2048 2665 comburi:

229 2689 358 2727 tribus
396 2689 515 2738 igitur
559 2689 715 2728 actibus
756 2701 844 2727 cum
898 2689 1135 2727 consisteret
1183 2700 1304 2738 opus,
1368 2690 1478 2727 cuius
1518 2689 1731 2727 inchoandi
1785 2689 1844 2726 vel
1885 2689 2050 2738 perfecti

220 2755 358 2790 'causa
382 2751 580 2801 piaculum
608 2751 755 2789 factum
783 2757 857 2798 est,
885 2751 1010 2788 tribus
1040 2751 1266 2789 nominibus
1296 2752 1575 2801 appellabatur
1619 2751 1715 2799 dea,
1743 2762 1862 2800 quam
1901 2751 2047 2799 praesi-

235 2811 329 2851 dere
356 2813 468 2864 operi
493 2813 700 2863 putabant.
754 2815 876 2850 Auno
904 2816 1044 2850 contra
1072 2814 1160 2860 224,
1189 2824 1277 2850 cum
1303 2814 1464 2851 arbores
1494 2812 1651 2850 fulmine
1681 2819 1854 2850 attactae
1883 2813 2047 2849 caeden-

237 2874 312 2914 dae
340 2875 458 2914 modo
485 2879 526 2912 et
552 2873 787 2912 eremandae
822 2880 974 2920 essent,
1008 2874 1059 2912 ab
1100 2874 1159 2912 his
1196 2874 1349 2912 duobus
1385 2876 1538 2913 actibus
1574 2874 1705 2924 operis
1741 2874 1914 2912 faciendi
1948 2886 2049 2923 qnae

236 2936 273 2974 ei
299 2937 558 2987 praesidebat
584 2936 660 2974 dea
688 2936 845 2975 duobus
877 2935 1100 2973 nominibus
1130 2938 1441 2986 nuncupabatur.
1484 2937 1604 2974 Actio
1632 2943 1760 2973 autem
1789 2937 2050 2974 commoleudi

236 3009 324 3036 cum
352 2999 392 3036 in
419 2999 519 3037 actis
548 2998 642 3037 anni
671 2999 747 3036 224
775 2997 897 3035 verbo
937 2997 1134 3035 indicetur
1173 2999 1425 3048 coinquendi‚
1454 2998 1544 3035 ‘dea
1584 3009 1741 3047 quoque
1770 3009 1842 3047 pro
1871 2998 2049 3035 Commo-

237 3059 373 3109 lenda,
401 3065 444 3099 ut
465 3061 506 3099 in
535 3060 635 3099 actis
663 3048 757 3098 anni
787 3060 858 3110 183
900 3059 1131 3106 nominatur,
1172 3060 1210 3096 in
1251 3060 1311 3097 his
1339 3060 1601 3110 Coinquenda
1642 3068 1814 3097 vocatur.
1868 3059 2050 3098 Ceterum

239 3121 348 3172 apud
376 3133 512 3160 omnes
544 3123 643 3160 satis
670 3127 828 3160 constat
856 3132 907 3158 ex
933 3121 1161 3171 pontificum
1191 3122 1385 3169 doctrina,
1411 3127 1454 3160 ut
1483 3121 1644 3159 Servius
1682 3122 1751 3170 (ad
1779 3124 1866 3159 Aen.
1895 3123 1932 3169 2,
1963 3123 2051 3170 141)

242 3183 389 3231 scribit,
414 3184 566 3234 siugulis
593 3185 731 3222 actibus
748 3185 929 3233 proprios
954 3184 1040 3221 deos
1060 3196 1244 3233 praeesse,
1285 3193 1399 3221 certos
1430 3185 1515 3221 deos
1541 3197 1565 3221 a
1594 3183 1772 3221 Varrone
1813 3184 2050 3233 appellatos,

245 3244 405 3295 alioque
431 3246 521 3283 loco
548 3245 702 3296 (θεον-9.
732 3246 767 3294 1,
794 3246 859 3293 21)
888 3244 990 3283 idem
1019 3245 1074 3283 sic
1103 3245 1244 3284 tradit:
1287 3249 1433 3284 nomina
1460 3247 1547 3282 haec
1584 3246 1765 3282 numinum
1804 3248 1843 3281 in
1880 3246 2050 3295 indifica-

1692 3306 1785 3349 10*
