2340 3658
382 238 439 282 52
1055 232 1245 268 Sacrificia
1270 233 1532 268 anniversaria.

485 349 595 389 Nota
615 348 693 387 diei
710 348 854 387 natalis
870 348 1010 386 Liviae
1027 347 1108 386 sive
1126 347 1254 386 Iuliae
1273 347 1487 396 Augustae
1515 345 1591 385 etsi
1617 346 1657 384 in
1677 347 1779 387 actis
1794 347 1922 397 periit,
1939 357 2028 385 cum
2042 344 2081 384 iu
2100 344 2202 384 actis

388 413 477 452 anni
506 413 554 450 38
593 415 782 461 sequatur
816 422 973 449 sacrum
1009 411 1252 449 celebratum
1300 409 1428 460 pridie
1464 409 1657 468 kalendas
1690 409 1954 459 Februarias,
1996 406 2208 447 antecedat
2270 406 2274 410 ’

387 474 620 514 sacrificium
648 474 794 511 factum
823 478 916 511 ante
946 473 1048 511 diem
1077 472 1147 510 III
1174 471 1368 510 kalendas
1400 471 1583 521 easdem,
1617 473 1747 523 ipsum
1773 473 1875 511 hune
1904 472 2007 510 diem
2034 470 2207 510 natalem

387 539 469 577 eius
498 537 622 575 fuisse
652 536 871 583 coiligitur:
902 535 950 573 cf.
980 535 1177 572 Relazione
1203 547 1240 585 p.
1261 536 1295 574 8.
1327 534 1485 573 Natalis
1505 535 1644 574 Liviae
1673 538 1998 574 commemoratur
2021 532 2139 572 etiam
2166 531 2207 571 in

386 601 513 639 titulis
541 599 608 638 Or.
630 599 704 636 686
734 602 773 636 et
800 598 967 635 Henzen
995 595 1116 645 7165,
1151 597 1244 636 item
1273 608 1298 636 a
1326 596 1471 636 Tacito
1499 599 1610 647 (Ann.
1631 600 1667 649 6,
1687 597 1727 648 5)
1756 598 1822 648 qui
1852 597 1902 635 de
1930 594 2206 635 sacerdotibus

387 663 559 713 loquitur
586 661 648 699 die
677 661 804 700 natali
832 662 1040 709 Augustae
1069 659 1253 710 epulatis.
1284 681 1331 687 —
1360 659 1500 700 Liviae
1528 663 1626 711 post
1644 665 1806 700 mortem
1827 659 2012 699 Caesaris
2031 657 2208 708 Augusti

387 727 425 764 in
455 724 640 764 familiam
671 724 811 762 Iuliam
838 734 1056 773 nomenque
1086 724 1313 772 Augustam
1341 721 1581 772 adsumptae
1610 723 1722 773 (Tae.
1752 736 1836 761 ann.
1860 724 1893 772 1,
1914 723 1956 767 8;
1985 720 2093 762 Suet.
2111 721 2206 772 Auq.

392 790 487 835 101;
517 787 592 825 Dio
622 787 685 834 56,
705 785 784 834 64),
814 796 846 823 a·
865 785 1035 823 Claudio
1065 785 1218 823 demum
1248 785 1369 823 divini
1403 784 1572 826 honores
1612 786 1749 826 tributi
1791 789 1882 825 sunt
1920 783 2045 834 (Suet,
2075 783 2205 823 Claud.

392 853 457 899 11;
488 850 566 888 Dio
594 850 658 898 58,
681 850 724 886 2:
754 848 803 886 cf.
834 846 987 886 Eckhel
1017 849 1039 885 6
1067 860 1105 899 p.
1130 846 1199 886 147
1231 851 1271 886 et
1301 845 1402 898 157).

919 1085 953 1113 e.
1014 1072 1085 1114 TI.
1118 1069 1391 1114 CAESARIS
1420 1070 1688 1114 AUGUSTI.

397 1198 481 1251 [33]
517 1197 688 1250 35138]
860 1197 963 1239 XVI
993 1176 1245 1250 k(alendas)
1276 1193 1573 1250 Dee(embres)
1598 1193 1640 1250 ¹).

861 1266 887 1309 ¹)
914 1267 978 1300 etsi
1002 1271 1083 1299 nota
1109 1266 1180 1299 diei
1206 1266 1243 1298 in
1269 1265 1356 1298 actis
1389 1274 1556 1297 annorum
1592 1265 1639 1299 33
1671 1271 1703 1299 et
1728 1265 1774 1300 38
1795 1266 1918 1309 fracto
1951 1266 2070 1309 lupide
2102 1267 2209 1301 imer-

928 1313 1025 1352 cidit,
1041 1319 1153 1346 tamen
1175 1318 1323 1356 propter
1350 1311 1459 1345 locum
1485 1317 1613 1345 certum
1638 1318 1689 1346 est
1713 1313 1757 1346 de
1773 1313 1887 1346 natali
1908 1312 2041 1347 Tiberii
2065 1314 2115 1348 ibi
2139 1314 2209 1358 aqi.

928 1359 964 1392 E
987 1361 1166 1394 contrario
1203 1360 1241 1392 in
1267 1359 1354 1392 actis
1378 1370 1410 1391 a.
1428 1357 1474 1392 35
1499 1358 1626 1392 excidit
1659 1360 1783 1393 mentio
1809 1360 1951 1403 natalie,
1977 1372 2080 1403 quam
2105 1361 2140 1395 e'n
2165 1361 2212 1396 iis

928 1407 1161 1450 reponendam
1186 1416 1259 1440 esse
1282 1412 1455 1450 superstes
1481 1405 1617 1439 indicat
1639 1413 1721 1439 uota
1746 1407 1827 1440 diei.

495 1475 678 1514 Tiberius
707 1482 814 1515 natus
842 1483 891 1514 est
919 1477 1061 1514 Romae
1087 1478 1126 1513 in
1144 1475 1295 1512 Palatio
1313 1475 1424 1514 XVI
1440 1475 1514 1513 kal.
1537 1475 1628 1513 Dec.
1648 1476 1704 1512 M.
1735 1475 1889 1512 Aemilio
1909 1475 2056 1525 Lepido
2069 1478 2209 1523 iterum,

390 1541 438 1577 L.
469 1541 638 1577 Munatio
670 1540 811 1577 Planco
841 1552 955 1577 conss.
981 1551 1050 1589 per
1085 1539 1215 1576 bellum
1243 1538 1487 1588 Philippense.
1529 1539 1581 1574 sic
1621 1539 1713 1574 enim
1752 1539 1792 1574 in
1823 1539 1948 1587 fastos
1982 1544 2136 1589 actaque
2172 1541 2212 1577 in

387 1603 541 1652 publica
567 1604 721 1640 relatam
749 1608 798 1639 est
826 1602 1004 1652 (Sueton.
1046 1601 1124 1638 Tib.
1146 1600 1206 1650 5);
1245 1600 1293 1638 ef.
1330 1600 1407 1639 Dio
1435 1597 1592 1647 57,1.82
1634 1597 1700 1635 καὶ
1743 1596 1813 1637 τὸν
1853 1599 1951 1648 γοῦν
1988 1600 2100 1650 μῆνα
2140 1597 2212 1639 τὸν

392 1662 641 1713 Νοέμβριον,
670 1663 711 1703 ἐν
739 1653 772 1717 ᾧ
799 1665 849 1717 τῇ
877 1661 971 1716 ἕκτῃ
1000 1661 1062 1701 ἐπὶ
1093 1660 1190 1701 δέκα
1219 1659 1458 1714 ἐγεγέννητο.
1500 1661 1841 1700 Commemoratur
1861 1661 1944 1700 dies
1965 1662 2047 1701 eius
2068 1661 2210 1701 natalis

391 1727 430 1765 in
458 1727 572 1766 fastis
602 1727 817 1766 Antiatinis
847 1731 886 1765 et
911 1726 950 1765 in
979 1726 1107 1766 feriali
1136 1726 1313 1767 Cumano
1343 1723 1526 1775 (Henzen
1555 1725 1689 1774 5359):
1718 1725 1765 1762 ef.
1796 1724 2018 1764 Mommsen
2047 1725 2084 1765 C.
2104 1726 2139 1765 Ι.
2159 1726 2207 1766 L.

395 1791 412 1828 1
443 1802 479 1842 p.
502 1788 589 1831 407.

923 2011 964 2055 d.
1024 2010 1326 2056 ANTONIAE
1358 2011 1683 2056 AUGUSTAE.

396 2138 449 2180 38
867 2137 1048 2195 pr(idie)
1079 2136 1332 2192 k(alendas)
1365 2137 1674 2195 Februar(ias).

497 2217 557 2254 De
575 2217 753 2256 Antonia
781 2217 993 2258 Suetonius
1023 2218 1172 2266 (Claud.
1193 2217 1276 2268 ll):
1308 2217 1530 2265 (Claudias),
1558 2218 1624 2267 ait,
1640 2217 1855 2267 parentibus
1871 2217 2026 2267 inseriae
2045 2217 2217 2267 publicas

397 2283 428 2314 et
454 2278 521 2316 hoc
549 2281 708 2329 amplius
730 2284 835 2331 patri
862 2284 1035 2319 circenses
1062 2293 1203 2318 annuos
1235 2281 1354 2318 natali
1381 2281 1459 2327 die,
1486 2284 1597 2318 matri
1624 2287 1854 2330 carpentum,
1889 2291 1959 2328 quo
1983 2291 2053 2329 per
2080 2281 2217 2318 circum

397 2342 588 2379 duceretur
616 2349 647 2380 et
672 2356 870 2394 coynomen
895 2343 1085 2394 Auqustae
1113 2344 1158 2380 ab
1186 2345 1273 2380 viva
1297 2349 1511 2382 recusatum.
1555 2343 1706 2382 Contra
1732 2342 1810 2381 Dio
1840 2341 1918 2392 (59,
1936 2340 1977 2393 3)
2007 2342 2147 2381 scribit
2165 2341 2214 2381 de

400 2402 446 2440 C.
477 2403 666 2442 Caesare:
707 2403 782 2455 τήν
822 2419 863 2443 τε
903 2402 1041 2455 τήθην
1073 2402 1149 2455 τὴν
1179 2402 1399 2442 Ἀντωνίαν
1433 2405 1603 2443 πλεῖστα
1639 2399 1718 2442 ὅσα
1756 2400 1935 2452 εὐσεβῶς
1961 2399 2140 2454 ποιήσας
2165 2424 2217 2432 —-

395 2459 550 2513 ταύτην
586 2480 627 2504 τε
662 2465 741 2518 γὰρ
776 2463 1032 2518 Λῦγοῦστάν
1070 2481 1111 2505 τε
1148 2462 1276 2511 εὐθὺς
1311 2465 1378 2505 καὶ
1414 2464 1561 2515 ἱέρειαν
1594 2467 1668 2506 τοῦ
1701 2461 1954 2516 Αὐγούστου
1982 2461 2216 2512 ἀποδείξας,

397 2523 530 2564 πάντα
560 2524 665 2580 αὐτῇ
694 2526 893 2575 καθάπαξ
922 2523 1000 2567 ὅσα
1029 2533 1120 2575 ταῖς
1148 2525 1438 2579 danao-ssva&
1463 2526 1649 2580 ὑπάρχει,
1679 2526 1848 2575 {domem
1879 2528 2057 2567 similiter
2076 2527 2216 2568 Sueto-

399 2589 485 2627 nius
515 2589 610 2639 (Cal.
635 2591 718 2642 15):
761 2594 943 2630 Antoniae
979 2595 1085 2631 aviae
1121 2593 1302 2642 quidquid
1327 2606 1489 2642 unquam
1517 2594 1632 2631 Livia
1660 2594 1825 2643 Auyasta
1850 2592 2029 2630 honorum
2057 2594 2218 2643 cepisset,

399 2664 470 2690 uno
498 2659 639 2691 senatus
667 2657 827 2693 consulto
857 2658 1039 2706 congessit.
1079 2654 1322 2694 Confirmant
1347 2655 1424 2694 iam
1445 2658 1536 2694 acta
1557 2655 1761 2694 Arvalium
1783 2666 1830 2693 ea
1850 2666 1951 2706 quae
1981 2653 2029 2693 de
2050 2653 2093 2694 C.
2113 2653 2216 2694 Cae-

399 2727 486 2755 sare
515 2715 662 2755 tradita
690 2718 924 2769 accepimus.

937 2941 973 2971 e.
1037 2926 1356 2970 GERMANICI
1387 2925 1672 2971 CAESARIS.

402 3056 455 3097 38
491 3056 574 3107 [40]
874 3052 1012 3110 a(nte)
1045 3051 1194 3107 dfiem)
1226 3053 1352 3096 VIIII
1382 3051 1632 3108 k(alendas)
1665 3051 1810 3094 Iunias
1835 3051 1876 3107 ¹).

875 3123 901 3166 ¹)
928 3130 1006 3156 nota
1033 3123 1106 3157 diei
1129 3123 1236 3165 periit
1258 3121 1314 3156 40.

507 3192 601 3230 Dies
631 3193 775 3231 natalis
806 3192 1033 3231 Germanici
1067 3191 1253 3231 Caesaris
1290 3202 1340 3228 ex
1378 3190 1477 3229 actis
1513 3202 1547 3228 a.
1568 3191 1616 3228 38
1646 3189 1799 3228 demum
1827 3189 2014 3243 innotuit,
2055 3202 2143 3229 cum
2170 3201 2219 3230 ex

403 3255 503 3294 actis
533 3255 623 3293 anni
649 3255 699 3293 40
728 3255 768 3293 id
797 3258 948 3294 tantum
977 3254 1128 3293 desumi
1155 3258 1315 3306 posset,
1352 3264 1428 3291 non
1463 3253 1584 3292 multo
1614 3258 1706 3292 ante
1732 3251 1923 3291 kalendas
1953 3252 2090 3292 Iunias
2119 3251 2218 3293 Ger-

403 3317 595 3358 manicum
625 3322 758 3357 natum
787 3330 886 3358 esse.
