2340 3658
183 323 210 342 a.
238 317 271 342 38

156 374 213 399 Mai
239 375 271 400 24

320 205 419 235 xuv

380 307 541 360 Appius
570 308 715 348 Iunius
743 307 925 348 Silanus.

1114 191 1155 227 0.
1181 192 1329 228 Caesar.

378 374 513 430 a(nte)
546 374 693 428 d(iem)
725 375 851 418 VIIII
881 374 1129 427 k(alendas)
1162 375 1307 417 Iunias

322 445 481 485 Taurus
501 444 691 485 Statilius
713 444 915 485 Corvinus
945 443 1229 498 promagister
1259 444 1427 497 collegii
1459 444 1635 487 fratrum
1658 446 1875 490 Arvalium
1904 451 2065 490 nomine
2086 452 2129 491 in
2163 458 2199 483 ³0

379 513 584 567 Capitolio
605 512 637 567 ²)
675 514 809 554 natali
840 512 1083 555 Germanici
1115 512 1312 555 Caesaris
1352 513 1444 555 Iovi
1484 514 1680 570 0(ptimo)
1717 517 1939 573 m(aximo)
1976 518 2130 562 bovem

380 651 603 704 eodemque
635 648 704 692 die
735 650 778 691 in
810 649 917 694 aede
947 650 1062 694 Iovis
1093 649 1272 693 Statoris

1711 583 1875 651 {marem
1903 589 2128 630 inmolavit.

321 732 372 761 eoe
402 721 555 762 tabella
594 719 637 761 C.
672 719 866 762 Caesaris
898 718 1077 772 Augusti
1110 719 1353 763 Germanici
1390 719 1434 762 in
1464 719 1603 763 locum
1634 721 1666 765 C
1698 756 2129 769 ...........

377 859 423 900 L.
447 858 626 900 Annium
655 857 916 900 Vinicianum
946 862 987 902 et
1014 858 1059 901 in
1088 858 1226 901 locum
1246 857 1311 900 Ti.
1335 857 1533 903 Caesaris
1555 859 1683 904 Drusi
1707 865 1818 918 fsili)
1840 866 1883 906 P.
1906 867 2133 908 Memmium

376 929 574 981 Requlum
593 927 623 978 ³)
656 934 693 969 et
723 929 766 968 in
797 929 927 970 locum
957 929 1011 970 M.
1044 929 1178 971 Silani
1212 928 1257 971 C.
1290 927 1393 983 stili)
1426 929 1470 972 C.
1504 930 1775 987 Calpurnium
1806 933 2004 978 Pisonem
2041 930 2132 978 fra-

382 1069 604 1122 cooptavit.

1836 1003 1843 1072 Ι
1848 1011 1930 1047 tres
1956 1006 2133 1048 Arvales

321 1138 544 1191 adsuerunt
586 1137 638 1178 M.
673 1137 823 1179 Furius
861 1136 1083 1194 Camillus,
1127 1137 1293 1193 Appius
1340 1137 1485 1181 Iunius
1526 1139 1715 1198 Silanus,
1766 1142 1940 1188 Paullus
1976 1143 2133 1188 Fabius

380 1282 515 1328 a(ute)
547 1278 692 1328 daem)
732 1277 831 1318 VIII
860 1278 1017 1327 (VII?)
1048 1278 1288 1328 Iesalemlas)
1321 1278 1464 1322 Iunias
1485 1277 1518 1335 ⁴)

1918 1213 2131 1282 [Persicus.

321 1348 363 1388 C.
396 1349 552 1389 Caesar
581 1348 790 1401 Auqustus
821 1347 1090 1389 Germanicus
1122 1348 1327 1401 magister
1357 1349 1527 1403 collegii
1560 1350 1732 1393 fratrum
1761 1353 1979 1394 Arvalium

377 1417 425 1457 ob
456 1419 692 1458 memoriam
725 1417 782 1458 Ti.
816 1417 1012 1459 Caesaris
1043 1416 1113 1459 avi
1145 1417 1222 1459 sub
1255 1416 1327 1459 diu
1358 1418 1401 1460 in
1432 1432 1508 1462 ara
1539 1423 1804 1473 sacrificavit.

380 1517 946 1529 oooooooooooooo

320 1694 544 1748 adfuerunt
573 1695 625 1736 M.
657 1696 808 1737 Furius
841 1695 1055 1750 Camillus,
1088 1695 1254 1751 Appius
1287 1695 1433 1739 Iunius
1464 1697 1646 1751 Silanus,
1680 1698 1752 1741 Cn.
1784 1700 1990 1743 Domitius
2019 1701 2132 1744 Ahe—

375 1764 596 1820 nobarbus,
628 1765 801 1807 Paullus
831 1764 990 1807 Fabius
1019 1765 1224 1819 Persicus,
1259 1765 1303 1807 C.
1333 1765 1517 1809 Caecina
1544 1768 1723 1824 Largus,
1754 1770 1920 1812 Taurus
1941 1770 2132 1812 Statilius

378 1834 591 1884 Corvinus,
621 1834 667 1874 L.
699 1828 864 1875 Annius
895 1834 1156 1891 Vinicianus,
1190 1836 1233 1877 C.
1266 1835 1516 1890 Calpurnius
1548 1836 1661 1878 Piso.

378 1908 512 1953 abite)
545 1905 692 1954 daem)
723 1904 810 1946 IIII
841 1901 1090 1959 k(alendas)
1120 1905 1266 1947 Iunias

323 1973 483 2015 Taurus
514 1974 705 2015 Statilius
738 1974 939 2015 Corvinus
970 1974 1255 2028 promagister
1285 1975 1455 2030 collegii
1487 1975 1661 2019 fratrum
1689 1977 1904 2019 Arvalium

379 2045 542 2085 nomine
571 2045 615 2085 in
646 2044 737 2084 luco
769 2043 872 2084 deae
901 2043 1009 2085 Diae
1033 2041 1063 2098 ¹)
1095 2055 1270 2086 vaccam
1301 2044 1544 2099 inmolavit,

322 2116 540 2168 eodemque
571 2114 637 2154 die
668 2114 711 2154 C.
743 2111 902 2155 Cacsar
932 2112 1150 2166 Augustus
1183 2113 1460 2156 Germanicus
1490 2116 1685 2168 maqister
1715 2117 1876 2170 colleyii

376 2185 556 2238 fratrum
584 2184 803 2225 Arvalium
835 2195 928 2223 cum
958 2181 1100 2237 Appio
1132 2182 1278 2225 Silano
1309 2181 1477 2225 flamine
1507 2185 1608 2225 deae
1636 2186 1744 2226 Diae
1774 2200 1854 2240 aq-

375 2267 472 2294 uam
502 2254 680 2307 opimam
709 2251 928 2294 inmolavit
958 2254 1000 2293 et
1030 2251 1197 2306 signum
1226 2252 1342 2294 misit
1371 2251 1594 2307 quadrigis
1624 2259 1661 2294 et
1692 2255 1834 2296 desul—

376 2323 545 2364 toribus.

321 2393 546 2446 adfuerunt
574 2391 929 2434 Paulluerabius
959 2390 1161 2446 Persicus,
1195 2390 1268 2434 Cn.
1299 2390 1511 2435 Domitius
1541 2391 1865 2449 Ahenobarbus,
1896 2393 1952 2437 M.
1983 2394 2136 2438 Furius

378 2461 589 2512 Camillus,
613 2462 658 2503 C.
683 2462 863 2503 Caecina
882 2462 1046 2516 Laryus
1057 2464 1090 2518 ?,
1122 2458 1169 2502 L.
1198 2460 1362 2504 Annius
1384 2461 1644 2518 Vinicianus,
1678 2462 1722 2506 O.
1746 2462 1999 2517 Calpurnius
2019 2465 2133 2508 Piso.

321 2534 455 2583 asute)
488 2531 615 2584 d(iem
646 2563 655 2572 .
689 2564 697 2572 .
731 2564 740 2572 .
774 2564 783 2573 .
814 2532 879 2577 ias

413 2644 439 2690 2)
467 2645 650 2695 sacrificia
675 2645 722 2680 ob
741 2647 885 2682 natales
904 2646 1110 2693 principum
1128 2647 1190 2682 fie-

319 2704 410 2740 bant
440 2704 477 2739 in
513 2702 717 2751 Capitolio,
763 2704 826 2741 ubi
857 2717 920 2741 ara
955 2709 1035 2741 erat
1069 2706 1192 2751 gentis

321 2763 436 2799 Iuliae
463 2763 539 2808 (Or.
567 2763 652 2807 737;
677 2764 769 2801 5088
779 2777 787 2807 ;
814 2764 859 2802 cf.
885 2766 1006 2800 Relaz.
1033 2777 1068 2811 p.
1086 2767 1133 2810 9).

413 2821 440 2867 ³)
467 2823 511 2857 P.
538 2822 746 2858 Memmium
772 2823 955 2869 Regulum
979 2827 1054 2859 tum
1081 2836 1191 2871 coop-

320 2883 435 2916 tatum
462 2891 546 2917 esse
572 2880 658 2916 inde
678 2882 825 2928 collegi,
852 2883 950 2929 quod
975 2895 1056 2919 eum
1082 2886 1193 2919 antea

321 2950 452 2975 nomen
470 2940 549 2976 eius
567 2940 604 2976 in
623 2942 718 2976 actis
734 2953 806 2977 non
824 2943 1040 2989 reperiatur,
1058 2946 1193 2989 postea

322 3010 434 3046 saepe
462 3004 774 3036 commemoratur.

413 3058 441 3105 ⁴)
470 3059 577 3103 diem,
619 3071 701 3095 cum
732 3061 934 3107 praecedat
969 3060 1049 3097 dies
1076 3060 1192 3098 VIIII

321 3117 500 3154 kalendas
532 3119 675 3163 Iunias,
715 3123 891 3165 sequatur
921 3120 1059 3156 mentio
1095 3119 1192 3156 sacri

322 3178 367 3212 ab
410 3177 609 3213 Arvalibus
642 3178 822 3214 celebrati
861 3178 992 3214 diebus
1028 3179 1086 3215 VI
1115 3179 1192 3214 IIII

322 3236 379 3270 III
404 3235 582 3271 kalendas
610 3237 775 3281 easdem,
808 3240 958 3274 constat
987 3236 1102 3274 fuisse
1129 3240 1193 3274 aut

324 3295 420 3332 VIII
452 3298 515 3331 aut
547 3297 639 3333 VII:
684 3301 766 3334 uter
812 3298 1084 3344 intellegendus
1131 3299 1191 3341 sit,

1263 2648 1443 2683 incertum
1476 2650 1545 2690 est,
1584 2659 1664 2684 cum
1691 2650 1842 2685 detecto
1875 2649 2080 2695 fragmento
2109 2651 2134 2684 d

1262 2707 1477 2743 refellantur
1495 2718 1539 2742 ea
1557 2720 1651 2755 quae
1670 2709 1716 2744 de
1735 2709 1966 2745 excludendo
1985 2708 2044 2744 die
2058 2706 2134 2744 VII

1264 2766 1349 2801 olim
1383 2767 1577 2813 proposui:
1612 2767 1658 2803 cf.
1688 2770 1783 2806 Arm.
1815 2771 1897 2805 inst.
1923 2769 2019 2804 arch.
2043 2764 2133 2804 1867

1263 2825 1395 2871 p.244.
1445 2826 1502 2860 De
1534 2825 1618 2873 ipso
1651 2835 1757 2863 sacro
1790 2828 1836 2865 cf.
1860 2827 2064 2863 Mommsen
2096 2826 2132 2861 in

1262 2885 1452 2920 Relazione
1483 2886 1592 2931 p.11.
1612 2887 1656 2922 12
1694 2890 1732 2922 et
1769 2886 2049 2922 commentarius
2087 2884 2137 2920 de·

1263 2943 1445 2979 sacrificio
1465 2943 1511 2979 ob
1530 2945 1742 2981 memoriam
1757 2946 1815 2981 Ti.
1831 2945 2003 2982 Caesaris
2022 2944 2133 2980 facto.

1356 3004 1380 3038 cl
1403 3003 1665 3048 Fragmentum
1698 3005 1768 3040 hoc
1800 3004 1847 3039 ad
1881 3017 1899 3039 c
1929 3004 1981 3039 ita
2013 3003 2132 3049 appli-

1263 3064 1377 3104 catur,
1402 3065 1443 3098 ut
1459 3062 1558 3097 illius
1585 3074 1641 3099 vv.
1660 3063 1680 3099 7
1705 3063 1848 3109 priores
1865 3062 2133 3108 coniungantur

1263 3131 1342 3157 cum
1369 3121 1475 3156 huius
1500 3121 1670 3156 versibus
1696 3122 1844 3157 ultimis.

1361 3180 1385 3224 ¹)
1403 3180 1449 3215 ef.
1464 3191 1496 3215 a.
1511 3181 1574 3216 27:
1594 3180 1754 3216 fortasse
1771 3182 1940 3227 praestat
1956 3179 2018 3224 [aa
2030 3190 2132 3214 aram

1263 3236 1349 3274 deae
1366 3239 1484 3283 Di]ae‚
1509 3241 1550 3274 ut
1568 3242 1627 3275 est
1644 3239 1680 3274 in
1698 3239 1793 3276 actis
1812 3250 1985 3275 annorum
2002 3241 2131 3287 poste-

1261 3308 1406 3334 riorum.

2161 322 2196 348 28

2168 967 2201 993 35

2167 1435 2204 1460 ⁴0

2167 2336 2199 2362 10
