2340 3658
854 268 1045 306 Sacrificia
1068 266 1331 304 anniversaria.
1931 266 1984 308 67

187 390 356 437 apparet
372 385 642 437 pontificatum
660 397 817 438 quoque
843 386 880 424 ei
906 385 1042 424 datum
1066 395 1156 423 esse
1175 394 1279 422 anno
1292 383 1355 432 51,
1373 394 1460 421 eum
1478 384 1613 430 togam
1631 381 1779 420 virilem
1798 387 1985 421 sumeret:

189 449 239 488 cf.
268 452 387 489 antea
413 449 462 489 de
490 449 655 489 comitiis
682 449 954 488 consularibus
979 447 1063 487 eius
1090 459 1130 498 p.
1158 447 1219 485 66.

187 524 243 568 69
628 524 694 567 ΙΠ
720 523 897 578 non(as)
925 521 1141 577 Martfias)
1160 545 1215 551 —
1236 520 1290 563 ob
1321 519 1493 562 comitia
1521 518 1893 574 sacerdotior(um)
1910 519 1984 562 im-

706 590 955 649 p(eratoris)
983 588 1198 647 O[t]honis
1228 588 1460 644 Aug(usti).

292 670 527 712 sacerdotia
554 671 702 712 Othoni
729 671 876 710 collata
899 669 1168 719 intellegenda
1193 674 1287 708 suut
1313 672 1500 720 quattuor
1522 679 1755 718 magnorum
1796 668 1985 719 collegio-

61 775 78 782 .,
186 751 272 778 rum
297 736 614 784 sacerdotalium,
642 746 741 786 quae
768 739 861 772 suut
884 733 1125 785 pontificum,
1152 744 1354 782 augurum,
1382 729 1605 782 quindecim
1630 731 1754 770 virum
1781 733 1904 772 sacris
1929 734 1985 772 fa-

70 794 80 852 Ἠ
104 810 108 813 ’
187 801 353 850 ciundis,
380 804 533 851 septem
557 799 683 837 virum
709 798 918 849 epulonum
945 801 986 836 et
1010 795 1136 847 quinti
1162 794 1268 846 quod
1294 799 1388 845 post
1411 799 1575 832 mortem
1601 793 1786 834 Caesaris
1812 796 1987 847 Augusti

184 865 402 904 institutum
442 868 503 902 est
542 861 737 902 sodalium
764 860 1054 910 Augustalium.
1107 859 1156 898 In
1195 870 1244 896 ea
1282 857 1384 895 enim
1422 856 1750 896 adscribebantur
1786 859 1987 911 principes

185 927 318 968 statim
343 928 556 978 postquam
583 925 787 976 imperium
814 924 1010 975 auspicati
1051 927 1142 961 sunt
1173 922 1267 973 (Dio
1293 922 1355 970 53,
1385 919 1447 958 17:
1488 916 1532 958 ἕκ
1571 933 1613 957 τε
1654 921 1728 957 τοῦ
1767 919 1810 959 ἓν
1835 918 1989 968 πάσαις

184 993 276 1035 ταῖς
300 985 540 1039 ἱερωσύναις
566 985 766 1037 ἱερῶσθαι
793 987 900 1033 κτλ.;
929 986 979 1025 cf.
1004 985 1194 1024 Mercklin
1214 984 1341 1034 Coopt.
1369 995 1407 1033 p.
1426 984 1515 1031 1523
1543 983 1775 1034 Marquardt
1799 986 1847 1023 R.
1872 986 1922 1023 A.
1950 988 1987 1035 2,

184 1055 209 1093 3
234 1065 275 1104 p.
302 1051 407 1103 301).
432 1074 484 1081 --
511 1050 770 1090 Sacerdotnm
799 1049 970 1099 collegia
994 1048 1238 1098 temporibus
1266 1046 1551 1098 antiquioribus
1587 1058 1660 1097 per
1694 1049 1986 1097 cooptationem

185 1128 309 1156 novos
334 1116 512 1164 collegas
538 1115 576 1152 in
605 1114 877 1153 defunctorum
903 1113 994 1151 loca
1020 1111 1250 1160 allegebant
1276 1110 1342 1159 (cf.
1369 1110 1564 1148 Mercklin
1591 1110 1615 1148 l.
1645 1122 1677 1148 c.
1705 1123 1743 1161 p.
1770 1112 1821 1149 84
1847 1113 1988 1164 seqq),

185 1179 313 1218 donec
343 1179 407 1218 Cn.
436 1180 621 1217 Domitius
646 1180 685 1215 in
710 1178 892 1215 tribunatu
913 1175 1143 1226 pontificibus
1170 1176 1349 1225 offensior,
1385 1174 1486 1222 quod
1518 1174 1630 1210 alium
1658 1186 1767 1223 quam-
1793 1188 1830 1213 se
1855 1178 1895 1213 in
1917 1190 1987 1226 pa-

186 1246 254 1282 tris
277 1245 334 1281 mi
360 1243 479 1280 locum
505 1247 741 1292 cooptassent,
765 1243 823 1278 ius
860 1240 1087 1277 sacerdotum
1125 1238 1439 1288 subroqandorum
1482 1248 1507 1272 a
1544 1237 1701 1286 collegiis
1735 1238 1788 1275 ad
1807 1240 1988 1289 populum

186 1307 368 1345 tranuaedit
393 1304 520 1356 (Suet.
547 1305 640 1342 Ner.
667 1303 720 1354 2).
789 1302 840 1341 Id
880 1314 983 1340 auno
1022 1314 1061 1351 p.
1102 1313 1137 1340 u.
1180 1313 1213 1339 e.
1255 1301 1330 1339 650
1370 1300 1516 1338 factum
1554 1310 1643 1337 esse
1678 1301 1879 1340 Asconius
1918 1303 1989 1352 (ad

190 1370 329 1410 cornel.
345 1381 383 1419 p.
400 1368 465 1416 81)
492 1368 613 1406 refert
639 1367 725 1416 (Cn.
745 1367 930 1404 Domitius
956 1365 1120 1403 tribunus
1136 1359 1269 1414 suerat
1294 1369 1378 1400 ante
1402 1363 1457 1400 II
1477 1369 1512 1399 et
1537 1362 1618 1399 XL
1643 1375 1771 1410 annos,
1798 1363 1836 1402 C.
1858 1366 1987 1405 Mario

183 1435 247 1480 ΙΙ,
273 1432 311 1472 C.
341 1433 510 1470 Rmbria
534 1427 767 1480 consulibus),
793 1440 895 1466 anno
924 1433 1052 1467 antem
1080 1429 1153 1466 651
1181 1426 1356 1464 Velleius
1386 1425 1439 1476 (2,
1468 1426 1531 1475 12)
1559 1426 1720 1465 scribit:
1760 1427 1826 1477 qui
1866 1431 1988 1467 tertius

185 1497 256 1545 (sc.
277 1496 504 1534 consulatus
530 1493 667 1543 Marii)
692 1496 731 1530 iu
758 1499 948 1542 apparatu
982 1491 1064 1529 belli
1095 1496 1337 1539 consumptus,
1370 1502 1441 1538 quo
1470 1502 1566 1527 anno
1595 1489 1657 1528 Gn.
1688 1490 1873 1528 Domitius
1904 1493 1986 1530 trib.

180 1560 236 1611 pl.
263 1560 375 1609 leqem
400 1560 491 1604 tulit,
517 1565 558 1596 ut
581 1557 800 1601 sacerdotes,
827 1568 917 1604 quos
943 1561 1027 1592 ante
1053 1554 1210 1604 colleyae
1234 1553 1473 1601 sufficiebant,
1495 1554 1657 1602 populus
1693 1561 1842 1593 crearet.
1889 1555 1988 1593 Tulit

186 1626 329 1672 autem,
354 1626 400 1660 ut
424 1620 548 1660 tradit
575 1620 719 1659 Cicero
746 1619 807 1666 (de
833 1619 899 1668 leq.
927 1630 1007 1668 αρν.
1034 1618 1071 1666 2,
1099 1616 1135 1664 7,
1165 1617 1241 1665 18),
1269 1618 1369 1666 quod
1382 1617 1543 1666 populus
1555 1629 1625 1666 per
1642 1618 1849 1667 reliqionem
1866 1632 1985 1657 sacer·

185 1687 290 1724 dotia
313 1685 493 1722 mandare
516 1697 590 1722 non
610 1688 770 1734 poterat,
795 1688 835 1719 ut
859 1684 978 1720 minor
1001 1694 1094 1731 pars
1113 1681 1247 1731 populi
1271 1685 1487 1717 vocaretur:
1527 1681 1573 1716 ab
1613 1693 1657 1718 ea
1677 1687 1788 1730 parte
1814 1686 1877 1731 qui
1902 1691 1989 1721 esset

68 1791 73 1804 ,s
175 1750 316 1799 saeuas,
340 1751 372 1786 is
397 1761 423 1785 a
448 1748 596 1798 colleqio
624 1752 870 1796 cooptat-etur.
923 1745 1055 1783 Electi
1080 1743 1201 1792 igitur
1228 1747 1318 1781 sunt
1358 1754 1408 1780 ex
1448 1754 1494 1780 eo
1522 1743 1613 1781 inde
1653 1750 1829 1794 tempore
1857 1757 1987 1784 sacer-

75 1822 91 1838 -·
147 1841 150 1843 >
186 1811 302 1851 dotes
329 1810 466 1860 eadem
490 1810 656 1856 ratione,
686 1821 765 1859 qna
790 1808 970 1859 pontifex
996 1808 1187 1847 maximus
1229 1806 1313 1844 fieri
1353 1806 1520 1855 solebat,
1562 1807 1715 1846 seilicet
1751 1819 1825 1858 per
1861 1809 1986 1848 tribus

185 1874 476 1926 septemdecim,
513 1874 572 1912 ita
609 1876 740 1911 tamen
766 1878 810 1910 ut
833 1871 1004 1922 populus
1032 1866 1222 1919 suffragia
1246 1882 1325 1908 non
1364 1870 1486 1908 ferret
1511 1870 1586 1909 nisi
1614 1870 1662 1909 de
1688 1871 1736 1909 iis
1764 1871 1831 1922 qni
1858 1884 1882 1910 a
1908 1873 1985 1911 col-

183 1939 289 1989 legio
318 1937 507 1976 nominati
546 1939 662 1974 erant
700 1935 766 1985 (cf.
794 1935 986 1973 Mercklin
1010 1934 1036 1972 1.
1065 1946 1098 1972 c.
1125 1946 1164 1984 p.
1194 1935 1268 1972 138
1295 1933 1436 1983 seqq.).
1491 1933 1561 1972 Ius
1601 1946 1695 1973 vero
1730 1935 1986 1975 creandorum

186 2000 437 2041 sacerdotum
463 1999 661 2038 sublatum
688 2010 713 2038 a
741 1996 855 2036 Sulla
881 1997 1035 2047 (Ascou
1071 2000 1111 2035 in
1149 1998 1261 2035 divin.
1302 1998 1339 2035 8.
1366 2008 1405 2046 p.
1435 1996 1537 2046 102),
1579 2009 1603 2035 a
1628 1997 1800 2037 Caesare
1838 2011 1910 2049 per
1939 1999 1986 2037 Τ.

182 2063 403 2104 Labienum
428 2062 627 2102 tribunum
654 2061 782 2112 plebis
810 2072 913 2101 anno
941 2062 1014 2100 691
1042 2061 1264 2099 restitutum
1292 2058 1387 2109 (Dio
1411 2057 1474 2108 37,
1501 2058 1549 2098 37
1561 2073 1571 2097 z
1613 2058 1681 2098 καὶ
1707 2059 1783 2106 τὰς
1814 2058 1988 2111 αἱρέσεις

182 2127 265 2166 τῶν
291 2124 429 2178 ἱερέων
452 2121 695 2176 γράψαντος
718 2123 793 2174 μὲν
818 2125 893 2163 τοῦ
918 2124 1155 2174 Λαβιηνοῦ,
1183 2118 1498 2167 σπουδάσαντος
1532 2121 1576 2161 δὲ
1595 2123 1669 2161 τοῦ
1692 2121 1920 2172 Καίσαρος,
1948 2123 1989 2169 ἒς

182 2188 255 2231 τὸν
280 2189 413 2241 δῆμον
439 2181 565 2235 αὖθις
589 2185 611 2229 ὅ
639 2183 782 2239 ὅμιλος
806 2186 918 2238 παρὰ
954 2185 1027 2226 τὸν
1058 2188 1133 2225 τοῦ
1169 2181 1328 2224 Σύλλου
1357 2180 1482 2233 νόμον
1514 2182 1774 2237 ἐπανήγαγεν,
1811 2183 1986 2226 ἀνανεω-

183 2252 357 2303 σάμενος
383 2249 456 2291 τὸν
481 2253 556 2290 τοῦ
573 2251 799 2302 Δομιτιόυ;
829 2252 878 2290 cf.
905 2250 1098 2290 Mercklin
1124 2251 1149 2288 l.
1178 2261 1211 2288 c.
1235 2262 1274 2300 p.
1297 2249 1369 2287 143
1389 2247 1517 2299 seqq.)
1546 2254 1676 2288 aetate
1694 2250 1986 2301 imperatorum,

184 2316 351 2357 comitiis
378 2327 404 2355 a
430 2315 604 2364 Tiberio,
645 2321 689 2354 ut
727 2316 783 2354 ait
810 2314 975 2354 Tacitus
1004 2314 1105 2366 (ann.
1136 2315 1168 2351 l.
1198 2312 1277 2363 16),
1304 2323 1326 2349 e
1353 2323 1493 2361 campo
1520 2311 1573 2350 ad
1599 2318 1734 2363 patres
1770 2314 1984 2362 translatis,

184 2385 227 2421 et
248 2381 379 2431 ipsum
406 2378 459 2417 ad
482 2379 759 2428 imperatorem
785 2383 825 2417 et
851 2382 1031 2417 senatum
1057 2377 1113 2415 ita
1138 2375 1305 2423 transiit,
1332 2379 1377 2413 ut
1403 2375 1632 2414 sacerdotes
1658 2377 1815 2427 quidem
1842 2378 1985 2428 privati

184 2455 211 2484 a
237 2442 403 2492 collegis
429 2441 621 2480 nominari
646 2446 687 2479 et
714 2442 766 2481 ab
793 2441 1028 2492 imperatore
1054 2441 1093 2478 in
1123 2442 1260 2478 senatu
1274 2438 1444 2489 proponi
1471 2438 1654 2488 solerent,
1681 2441 1984 2490 imperatoribus

185 2511 315 2547 autem
340 2504 664 2556 principibusque
692 2503 831 2542 domus
859 2506 1069 2554 Augustae
1097 2503 1147 2542 ab
1173 2503 1262 2553 ipso
1290 2503 1429 2540 senatu
1464 2502 1689 2541 sacerdotia
1723 2504 1987 2542 tribuerentur

185 2570 252 2621 (cf.
281 2568 482 2618 Borghesi
506 2581 607 2606 mem.
636 2567 719 2605 dell’
758 2569 849 2607 Inst.
878 2568 900 2606 Ι
927 2579 967 2618 p.
993 2566 1068 2606 272
1109 2578 1234 2616 seqq,
1259 2566 1336 2604 292
1363 2577 1486 2615 seqq„
1519 2577 1611 2616 opp.
1641 2568 1664 2604 3
1691 2579 1731 2617 p.
1757 2568 1833 2605 409
1862 2579 1985 2628 seqq,

183 2634 260 2673 428
300 2632 438 2683 seqq.).
488 2630 632 2681 Neque
669 2635 802 2669 tamen
842 2641 998 2680 semper
1030 2641 1078 2668 eo
1112 2630 1194 2667 inre
1221 2628 1405 2667 videntur
1429 2629 1490 2666 usi
1517 2640 1605 2667 esse
1645 2629 1858 2681 principes,
1899 2642 1986 2669 cum

186 2695 290 2734 haud
317 2706 408 2734 raro
436 2705 513 2732 non
539 2696 756 2732 memorata
793 2693 1013 2744 principum
1053 2690 1287 2730 auctoritate
1328 2691 1556 2731 sacerdotes
1596 2691 1779 2731 dicantur
1810 2694 1985 2743 cooptati

185 2770 273 2798 esse
302 2757 368 2809 (cf.
395 2757 499 2796 infra
524 2756 573 2795 de
601 2757 881 2806 cooptatione),
910 2767 1057 2807 eosque
1086 2766 1249 2794 necesse
1277 2760 1338 2794 est
1364 2755 1415 2793 ab
1441 2755 1539 2805 ipsis
1576 2755 1751 2804 collegiis
1779 2756 1818 2794 in
1847 2762 1984 2795 senatu

184 2822 411 2873 propositos
437 2832 536 2860 esse.
590 2819 830 2860 Sacerdotes
871 2824 1001 2858 autem
1041 2818 1188 2858 sivein
1216 2822 1356 2856 senatu
1394 2817 1590 2868 propositi
1616 2818 1697 2855 sive
1735 2830 1784 2856 ex
1826 2823 1983 2857 senatus

185 2885 366 2924 consulto
409 2884 532 2923 creati
570 2883 898 2922 renuntiabantur
936 2883 973 2921 iu
1014 2882 1199 2922 comitiis:
1239 2881 1349 2920 cuius
1389 2881 1446 2920 rei
1477 2886 1635 2931 praeter
1661 2886 1753 2920 acta
1780 2881 1984 2920 Arvalium

184 2948 300 2987 testis
327 2952 390 2986 est
417 2946 571 2986 Seneca
595 2947 658 2996 (de
682 2947 795 2995 benef.
824 2945 860 2994 7,
886 2947 949 2996 28,
974 2946 1015 2995 2)
1042 2957 1131 2984 cum
1157 2945 1312 2984 scribit:
1345 2946 1398 2982 sic
1422 2947 1547 2991 wenit,
1580 2951 1621 2982 ut
1651 2947 1752 2982 circa
1775 2945 1983 2982 consularia

159 3024 162 3026 ·
186 3017 362 3061 occupato
389 3012 578 3048 comitia
602 3016 668 3047 mat
691 3010 1061 3048 sacerdotiorum
1086 3009 1286 3046 candidato
1314 3013 1530 3057 quaesturae
1554 3010 1779 3058 suffraqator
1802 3007 1983 3045 exciderit.

186 3072 531 3112 Renuntiationem
559 3072 726 3124 denique
753 3073 793 3111 in
818 3073 986 3112 comitiis
1012 3072 1160 3111 factam
1188 3069 1386 3110 sollemnis
1413 3074 1552 3108 secuta
1578 3074 1640 3108 est
1662 3069 1879 3119 cooptatio,
1907 3081 1986 3119 qua

188 3135 237 3176 de
264 3137 314 3176 cf.
343 3136 455 3176 infra.

187 3211 242 3255 69
650 3209 733 3252 VH
747 3209 844 3252 idus
860 3210 1076 3265 Mart(ias)
1091 3234 1144 3240 —
1161 3208 1215 3252 ob
1232 3209 1403 3252 comitia
1430 3205 1745 3264 pontif(icatus)
1774 3206 1987 3261 max(imi)

709 3277 888 3322 Othonis
917 3278 1148 3334 Aug(usti).

289 3357 436 3398 Othoni
463 3370 551 3398 cum
577 3362 695 3398 antea
723 3357 932 3397 viderimus
967 3369 1101 3397 omues
1134 3357 1356 3410 principum
1387 3356 1558 3397 honores
1592 3362 1674 3393 una
1708 3366 1795 3393 cum
1822 3353 1985 3406 imperio

1652 3416 1721 3460 5*
