2340 3658
1013 230 1179 269 Piacula.
1912 234 1987 277 131

787 414 827 456 3.
885 415 1036 458 Ratio
1066 416 1403 472 piaculorum.

628 531 667 559 a.
700 532 821 572 quam
850 520 900 561 ob
929 534 1098 562 causam
1125 523 1295 574 piacula
1322 523 1439 575 facta
1468 523 1563 563 sint.

668 597 720 639 ob
752 597 909 641 ferrum
939 600 1116 642 inlatum
1146 600 1191 642 in
1221 600 1371 644 aedem
1409 599 1483 657 (de
1513 601 1621 643 aede
1652 600 1826 653 elatum)
1865 599 1994 655 scrip-

724 670 844 708 turae
875 680 1040 710 caussa.
1062 669 1091 720 ¹)

670 734 695 778 ¹)
720 736 825 769 verba
850 736 1054 782 scripturae
1080 749 1214 773 caussa
1238 740 1404 784 deficiunt
1429 740 1467 773 in
1492 739 1580 772 actis
1602 738 1778 772 elationis.

204 799 294 858 [88]
673 803 727 846 ob
772 804 930 847 ferrum
972 805 1170 863 inflatum
1200 808 1434 863 scripturae
1465 812 1506 849 et
1534 808 1774 863 scalpturae
1808 819 1996 850 consum-

482 894 487 898 ·
727 877 839 915 mato
870 874 1133 931 magi]steri0
1163 878 1285 918 illins.
1311 876 1340 928 ¹)
1565 885 1572 890 ·

672 942 695 986 ¹)
723 953 764 975 em
788 944 876 976 actis
900 944 1062 978 elationis
1087 952 1156 978 tam
1181 947 1326 989 eoeiquae
1349 946 1521 990 reliquiae
1552 953 1740 988 supersunt
1749 972 1757 987 ,
1783 951 1821 979 ut
1845 957 1915 989 qua
1938 957 1995 978 ra-

744 990 836 1023 tione
851 992 995 1034 suerint
1019 999 1181 1035 concepta
1205 1004 1278 1026 non
1301 995 1389 1026 satis
1409 994 1662 1038 perspiciatur.

205 1053 291 1113 [91]
671 1054 740 1112 [ob
771 1056 928 1100 sermm
971 1058 1167 1116 in]latum
1201 1065 1248 1103 ut
1287 1066 1382 1103 aeta
1412 1061 1750 1116 insculperentur
1780 1061 1997 1115 magisteri

729 1127 852 1167 iltius.
874 1126 905 1181 ¹)

675 1195 699 1240 ¹)
725 1197 764 1228 in
789 1197 876 1229 actis
901 1197 1065 1231 elationis
1090 1199 1258 1242 scriptum
1284 1206 1350 1233 est:
1381 1199 1427 1234 ob
1454 1200 1586 1234 ferrum
1611 1199 1745 1234 elatum
1782 1200 1918 1233 omissis
1933 1208 1937 1211 ’
1953 1199 1998 1233 iis

735 1254 826 1286 quae
849 1251 1051 1286 sequuntur.

201 595 254 638 81

206 1318 278 1376 [92
310 1320 390 1363 119
423 1320 500 1362 121
536 1321 615 1364 126
671 1323 723 1364 ob
755 1322 913 1365 ferrum
942 1324 1120 1366 inlatum
1151 1326 1344 1378 (elatum)
1375 1326 1609 1381 scripturae
1636 1331 1677 1370 et
1698 1326 1729 1383 ¹)
1759 1327 1997 1382 scalpturae

334 1388 430 1445 130]
467 1390 552 1456 151}
730 1391 951 1446 magisteri
981 1393 1260 1436 consummati
1289 1396 1415 1436 illius.
1433 1394 1467 1451 ²)

674 1460 703 1503 ¹)
728 1461 831 1494 verba
857 1463 896 1495 et
919 1461 1120 1507 scripturae
1145 1464 1275 1497 omissa
1297 1471 1379 1498 sunt
1403 1465 1442 1498 in
1467 1465 1555 1498 actis
1586 1464 1772 1499 inlatione}
1809 1466 1907 1509 anni·
1922 1464 2001 1500 156.

673 1505 701 1550 ²)
726 1509 766 1541 in
791 1509 942 1552 singulis
977 1510 1130 1543 versibus
1156 1522 1232 1543 cum
1271 1512 1532 1556 quinquayenae
1548 1512 1630 1555 sere
1664 1512 1803 1546 litterae
1834 1518 2001 1546 exaratae

737 1556 821 1598 sint,
859 1566 923 1589 nec
956 1557 1093 1599 possint
1128 1558 1281 1601 defuisse
1321 1559 1427 1591 verba
1470 1558 1680 1604 scalpturae
1719 1563 1758 1592 et
1797 1558 2001 1604 scripturae

736 1609 881 1645 propter
906 1603 1170 1637 similitudinem
1195 1612 1350 1638 actorum
1376 1617 1463 1648 quae
1481 1606 1529 1639 acl
1554 1606 1736 1639 elationem
1750 1607 1938 1651 pertinent,
1962 1607 2002 1639 in

737 1651 966 1684 restituendis
991 1651 1079 1684 actis
1100 1651 1148 1684 ad
1172 1652 1378 1686 inlationem
1395 1654 1629 1696 spectantibus
1642 1660 1789 1697 propter
1806 1654 2002 1698 anqustiam

739 1698 850 1739 spatii
875 1698 1015 1731 verbum
1033 1698 1273 1733 consummati
1293 1700 1518 1733 omittendum
1540 1707 1590 1734 est
1605 1700 1661 1734 92.
1682 1718 1727 1724 —
1746 1700 1794 1734 In
1816 1701 1902 1734 actis
1929 1700 2000 1733 ela-

740 1744 846 1777 tionis
869 1755 991 1777 nomen
1015 1746 1177 1789 maqiatri
1206 1746 1346 1780 videtur
1372 1748 1531 1780 omissam
1546 1748 1683 1790 fuisse:
1705 1748 1865 1791 sortasse
1891 1748 2002 1792 scrip-

741 1797 812 1823 tum
836 1791 886 1824 ibi
916 1799 993 1825 erat
1017 1795 1157 1837 stupra)
1183 1792 1343 1838 s(cripti)
1371 1794 1449 1828 126.
1475 1813 1519 1818 —
1545 1793 1762 1838 magisterio
1788 1796 1865 1835 (sic)
1901 1794 2002 1827 illius

702 1835 711 1840 ”
739 1838 977 1871 consummati
992 1839 1060 1873 156
1071 1840 1172 1872 inlat.
1190 1858 1229 1863 —
1247 1842 1338 1874 Acta
1362 1842 1449 1874 anni
1461 1841 1506 1875 92
1531 1841 1580 1874 ad
1604 1842 1789 1875 elationem
1813 1842 1903 1882 ferri
1923 1852 2003 1884 per-

740 1885 889 1918 tinentia
912 1886 961 1918 sic
976 1887 1059 1930 fere
1083 1893 1248 1931 concepta
1272 1894 1373 1921 sunt:
1409 1887 1591 1933 piaculum
1629 1887 1764 1922 factum
1801 1898 1867 1934 per
1901 1889 2004 1921 illum

740 1930 802 1974 [ob
820 1931 953 1966 ferrum
980 1957 1373 1969 ............
1378 1935 1390 1977 J
1417 1937 1491 1968 tum
1518 1938 1556 1969 et
1577 1934 1709 1969 elatum
1736 1935 1942 1980 scalpturae
1968 1938 2007 1968 et

744 1977 962 2024 [scripturae
987 1980 1176 2023 magistori
1202 1982 1440 2015 consummati
1467 1981 1614 2016 fratrum
1641 1981 1855 2026 Arlvalium.
1889 1981 2003 2015 Mari-

742 2027 823 2059 niaa
849 2027 1001 2070 explevit
1023 2029 1093 2061 sic.-
1117 2027 1301 2073 piaculum
1319 2036 1379 2062 cet.
1406 2028 1467 2071 [ob
1494 2028 1626 2063 ferrum
1645 2029 1691 2062 de
1711 2028 1804 2063 aede
1823 2027 2003 2072 educltum

742 2075 782 2106 et
805 2072 938 2107 elatum
964 2073 1170 2119 scalpturae
1196 2076 1231 2108 et
1257 2075 1475 2120 [scripturae
1501 2076 1688 2111 marmoris
1714 2079 1750 2110 et
1775 2075 1897 2122 operis
1922 2085 2004 2121 per-

742 2117 830 2153 fecti
854 2129 921 2165 per
944 2120 1114 2166 publicos
1141 2121 1286 2156 fratrum
1312 2121 1514 2165 Arlvalium
1541 2130 1602 2156 cet.
1647 2124 1726 2156 item
1756 2124 1795 2157 in
1820 2124 1906 2157 actis
1926 2123 2006 2165 pia-

743 2167 816 2201 culi
840 2168 880 2200 ob
905 2168 1113 2202 tutationem
1127 2170 1225 2212 facti
1242 2176 1327 2213 post
1349 2170 1489 2202 verbum
1513 2169 1664 2203 inlatum
1680 2171 1884 2204 inseruntur
1900 2170 2006 2203 verba

743 2213 779 2247 in
817 2212 958 2247 aedem.
1007 2214 1128 2259 Neque
1165 2222 1280 2249 tamen
1313 2227 1469 2260 unquam
1500 2217 1702 2250 Domitiano
1737 2219 1932 2262 imperante
1968 2217 2007 2249 in

743 2261 830 2294 aede
865 2267 944 2295 acta
980 2262 1147 2295 dicuntur
1183 2262 1363 2307 insculpta
1387 2274 1470 2303 ease,
1506 2275 1570 2297 nec
1599 2264 1785 2307 respondet
1809 2265 2007 2298 litterarum

740 2319 924 2348 numerus,
940 2308 1123 2352 formulae
1147 2316 1260 2343 autem
1280 2322 1303 2343 a
1320 2309 1480 2343 Marinio
1498 2311 1679 2344 adhibitae
1704 2312 1782 2345 aevi
1804 2311 2007 2344 recentioris

742 2361 844 2388 eunt:
870 2355 914 2400 cf.
939 2367 971 2388 a.
997 2356 1063 2390 221
1089 2356 1168 2390 225.
1203 2355 1284 2389 Iam
1308 2368 1387 2390 vero
1413 2368 1489 2390 cum
1513 2363 1651 2391 notatus
1675 2370 1748 2392 non
1771 2360 1818 2392 sit
1840 2359 1916 2391 dies
1942 2368 2008 2401 quo

734 2402 878 2446 ferrum
902 2402 1028 2436 elatum
1052 2404 1115 2444 sit,
1141 2403 1258 2436 eodem
1283 2404 1341 2437 die
1364 2404 1503 2437 videtur
1527 2405 1658 2438 elatum
1682 2416 1754 2439 esse
1778 2417 1844 2449 quo
1861 2404 2008 2438 inlatam

744 2455 831 2482 erat.
884 2448 959 2482 Una
983 2457 1098 2483 autem
1122 2450 1180 2484 die
1204 2462 1280 2483 cum
1304 2457 1385 2484 aeta
1406 2458 1581 2493 nequeant
1612 2452 1726 2485 incisa
1754 2463 1838 2492 esse,
1866 2453 2009 2497 ferrum

741 2497 858 2530 nescio
881 2508 931 2529 an
954 2497 1052 2530 credi
1066 2498 1176 2540 possit
1192 2503 1334 2540 ruptum
1352 2508 1494 2541 eamque
1514 2498 1554 2531 ob
1571 2510 1713 2532 caucam
1736 2500 1855 2532 atatim
1880 2498 2009 2532 elatum

745 2553 828 2578 esse.
875 2542 992 2577 Nimis
1017 2550 1132 2577 tamen
1157 2545 1294 2578 ineerta
1317 2546 1434 2578 omnia
1458 2556 1564 2588 quam
1595 2556 1685 2589 quae
1720 2546 1759 2579 in
1794 2545 2009 2580 restituendo

745 2597 962 2624 monumento
995 2591 1152 2634 proponi
1186 2592 1372 2634 potuerint.
1430 2590 1576 2625 Verbum
1613 2591 1832 2635 [Arlvalium
1870 2592 1906 2625 in
1933 2593 2010 2636 fine

746 2644 921 2671 servatum
939 2637 1156 2679 publicorum
1181 2637 1388 2672 mentionem
1412 2638 1550 2671 videtur
1567 2640 1771 2683 postulare;
1803 2639 1866 2673 sed
1898 2638 2010 2673 obstat

745 2682 840 2728 quod
861 2684 913 2718 eie
937 2683 1073 2718 calator
1098 2685 1169 2718 loco
1191 2685 1313 2728 priore
1339 2692 1631 2719 commemoratur.

219 2770 403 2830 [MARO.
432 2772 468 2815 F
501 2772 596 2831 184]
684 2774 737 2818 ob
797 2775 900 2818 ferri
928 2775 1176 2819 inlationem
1200 2775 1229 2829 ¹)
1297 2776 1557 2830 (elationem)
1583 2776 1616 2833 ²)
1681 2776 1913 2832 scripturae
1971 2780 2013 2819 et

740 2843 981 2899 scalpturae
1010 2843 1231 2899 magisteri
1259 2845 1435 2900 peracti.
1448 2845 1479 2899 ⁸)

689 2912 715 2955 ¹)
739 2911 892 2947 inlatum
918 2911 996 2948 184.

686 2958 712 2998 2)
739 2958 892 2994 elationi
918 2958 996 2994 184.

687 3005 714 3048 ³)
739 3017 780 3039 ez
804 3007 893 3040 actis
917 3004 1066 3041 MARO.
1092 3005 1123 3040 F
1154 3017 1270 3048 pauca
1306 3007 1447 3050 quidem
1485 3013 1683 3050 supersunt,
1721 3006 1783 3040 secl
1819 3016 1908 3049 quae
1941 3016 2015 3038 cum

751 3054 839 3086 actis
875 3064 909 3086 a.
935 3051 1004 3086 184
1037 3053 1186 3086 maxime
1222 3054 1441 3087 conveniant.
1497 3053 1632 3086 Nomen
1667 3053 1830 3096 mayistri
1854 3052 2016 3085 omissum

756 3110 829 3133 ecee
853 3099 1039 3133 ostendum
1061 3111 1133 3133 non
1157 3099 1268 3133 solum
1293 3107 1374 3134 acta
1391 3099 1540 3134 MARO.
1568 3098 1610 3141 F,
1636 3099 1698 3134 sed
1722 3100 1824 3133 etiam
1848 3099 2016 3143 angustia

751 3146 866 3181 hiatus
890 3147 930 3180 in
954 3147 1042 3180 act-'e
1066 3158 1098 3181 a.
1124 3145 1203 3181 184.

184 3239 186 3241 ’
227 3235 341 3295 [214]
689 3236 790 3282 ferri
816 3235 1030 3280 inferendi
1061 3235 1319 3291 (efferendi).
1342 3237 1371 3289 ¹)

692 3307 718 3350 ¹)
743 3312 820 3341 acta
845 3306 1027 3340 tutationis
1053 3305 1156 3339 valde
1180 3305 1303 3339 mutila
1327 3317 1369 3339 ea:
1393 3305 1555 3339 elationis
1580 3306 1665 3339 actis
1690 3307 1931 3339 restituuntur.

1688 3361 1755 3404 9*
