2340 3658
340 182 423 225 208
1095 179 1211 215 Index
1237 180 1383 215 Rerum.

388 307 604 343 expressum
631 297 667 332 in
685 297 793 342 signo
821 307 892 342 quo
919 295 1121 341 signabant
1144 295 1209 330 im-

387 359 580 402 peratores
607 357 675 392 153
701 356 767 391 155
795 355 872 390 167.

342 415 369 451 C
386 425 595 457 amares,
623 423 857 454 carceres,
877 422 1127 458 querceres
1143 413 1210 461 136.

341 475 523 508 Carmen
554 471 743 507 Arvalium
770 471 831 512 26;
860 491 900 495 -
942 481 1087 513 carmen
1125 470 1211 506 des-

388 530 537 566 cindere
564 532 620 573 28,
659 529 842 575 quomodo
879 529 1136 576 explicandum
1163 529 1214 565 sit

387 591 447 631 33;
467 609 511 614 —
538 589 713 623 dicebant
738 588 905 633 acceptis
931 588 1083 630 libellis,
1110 599 1155 623 ne
1175 588 1211 623 in

386 647 579 683 recitando
623 651 787 680 errarent
828 648 889 680 ibet
914 659 921 689 ;
962 668 1006 673 —
1044 651 1212 682 votorum

389 717 587 741 annuorum
609 706 744 740 aetatis
770 704 988 750 antiquioris
1007 705 1210 748 100-102;

389 765 524 813 aetatis
550 763 768 810 posterioris
796 764 881 805 1033
908 763 1040 808 quibus
1067 766 1209 810 tempo-

388 823 490 858 ribus
516 822 673 868 plenius,
712 822 846 867 quibus
878 821 1084 857 breviatum
1116 822 1211 856 rela-

389 885 463 916 tum
504 882 554 915 sit
596 882 681 923 1003
722 901 759 905 -—
805 883 970 915 votorum
1012 891 1218 915 annuorum<

390 939 625 984 singularium
659 950 724 985 pro
753 938 871 973 salute
899 939 1100 974 Domitiani
1128 941 1211 981 110;

393 1019 432 1023 -—
460 1001 625 1033 votorum
647 997 885 1042 singularium
901 987 948 1032 ob
966 997 1214 1032 valetudinem

387 1057 551 1092 Neronis
578 1057 661 1098 122;
700 1067 766 1102 pro
799 1056 921 1091 reditu
948 1056 1101 1091 Traiani
1134 1057 1212 1092 123.

344 1115 602 1151 Cathedrae
631 1116 672 1151 11
702 1116 744 1151 12
771 1115 825 1151 14.

344 1173 477 1210 Cella
502 1174 653 1209 Iunonis
678 1173 829 1219 reginae
855 1175 900 1210 82
925 1175 1006 1211 118.

344 1233 465 1269 Cena
498 1232 687 1268 Arvalium
723 1232 820 1268 sacri
853 1233 963 1266 annui
998 1231 1058 1266 die
1093 1231 1210 1278 primo

390 1293 444 1335 13,
473 1311 513 1316 —
548 1291 607 1326 die
640 1291 805 1326 secundo
841 1293 897 1334 39,
926 1311 968 1316 —-
1001 1290 1061 1325 die
1098 1290 1211 1325 tertio

387 1351 451 1394 413
484 1371 520 1376 —
551 1353 775 1385 cenaverunt
809 1350 945 1395 singuli
979 1349 1060 1384 dies
1086 1348 1211 1392 singu-

390 1409 447 1444 los
474 1409 520 1444 ad
540 1410 752 1454 magistrum
773 1408 935 1444 denariis
963 1407 1130 1443 centenis
1155 1407 1213 1442 45.

390 1467 447 1502 Cf.
474 1468 736 1514 sportulae3
770 1488 813 1493 -
853 1479 945 1502 cena
981 1469 1068 1513 post
1100 1476 1212 1512 coop-

389 1527 566 1562 tationem
594 1526 691 1562 facta
719 1528 786 1562 152
814 1528 890 1562 155.

345 1586 600 1621 Cenatoria
625 1585 711 1620 alba
737 1586 780 1621 12
805 1586 861 1622 27.

345 1645 487 1680 Ceres
523 1644 652 1679 eadem
685 1644 760 1679 fere
796 1648 874 1680 erat
908 1646 1018 1689 atque
1046 1642 1116 1677 dea
1142 1642 1215 1678 Dia

389 1704 413 1738 4
441 1705 474 1741 8.

345 1763 507 1798 Circus
535 1762 725 1797 Arvalium
758 1761 820 1796 ubi
848 1761 942 1796 situs
975 1760 1086 1795 fuerit
1112 1759 1213 1794 XXI.

345 1811 770 1864 Claudius‚'divus:
800 1820 1006 1854 immolatur
1032 1820 1065 1853 ei
1084 1819 1131 1854 ob
1150 1819 1214 1853 im-

392 1879 533 1926 perium
566 1878 727 1914 Neronis
766 1879 822 1921 72,
859 1899 899 1903 »-
940 1878 987 1913 ob
1026 1878 1214 1913 introitum

392 1938 605 1973 consulatus
640 1937 805 1972 eiusdem
834 1938 888 1980 73,
918 1957 957 1962 —
995 1948 1061 1983 pro
1095 1937 1215 1972 salute

393 2001 430 2032 et
455 1996 577 2032 reditu
611 1997 689 2031 eius
715 1997 772 2038 84,
803 2016 841 2020 -—
881 1995 928 2030 ob
961 1995 1099 2031 laurum
1134 1997 1213 2032 eius

391 2057 447 2097 85,
479 2077 515 2081 *-
544 2066 609 2102 pro
644 2055 764 2090 salute
793 2054 952 2091 Othonis
981 2056 1060 2099 105,
1080 2076 1121 2080 -
1147 2066 1214 2102 pro

393 2115 511 2150 salute
538 2117 574 2148 et
599 2113 721 2149 reditu
737 2113 884 2149 Vitellii
904 2115 982 2149 121.
1014 2134 1058 2139 —
1085 2113 1215 2149 Cultus

392 2174 471 2208 eius
498 2172 663 2208 desierat
680 2172 748 2208 sub
767 2173 909 2207 Flaviis
938 2173 1015 2208 104.

347 2232 557 2275 Claudia,
585 2232 690 2267 diva
718 2252 757 2257 ——
785 2232 929 2276 virgo:
957 2231 1163 2267 immola-tur
1182 2231 1216 2265 ei

393 2291 440 2328 ob
459 2291 649 2338 imperium
669 2290 833 2327 Neronis
861 2292 916 2334 72,
951 2312 983 2316 -
1013 2290 1060 2326 ob
1076 2290 1215 2325 laurum

395 2350 474 2385 eius
501 2351 556 2385 85.

290 2408 293 2409 ⁷
349 2409 630 2446 Clementia:
658 2409 863 2444 immolatur
895 2409 928 2444 ei
956 2409 1002 2444 ob
1030 2408 1216 2455 supplica-

394 2469 518 2504 tiones
546 2480 567 2503 a
595 2471 727 2504 senatu
754 2467 925 2503 decretas
953 2469 1009 2504 85.

349 2526 527 2563 Codex:
566 2528 602 2562 in
644 2526 773 2561 codice
813 2528 909 2561 cavit
947 2526 1124 2571 magister
1160 2525 1216 2567 21,

395 2589 528 2621 cavent
553 2585 711 2620 Arvales
739 2596 779 2620 se
807 2585 973 2621 adfuisse
999 2586 1062 2627 21;
1089 2583 1135 2620 cf.
1161 2584 1218 2618 23.

350 2644 684 2680 Coemeterium
711 2644 994 2679 christianorum
1030 2642 1098 2678 sub
1133 2642 1218 2677 divo

396 2703 559 2750 positum
597 2703 633 2737 in
675 2702 760 2737 luco
799 2702 988 2737 Arvalium
1034 2704 1219 2748 repertum

394 2763 492 2798 XVI
517 2761 669 2803 XVIII;
697 2782 738 2786 -—-
779 2761 1056 2796 subterraneum
1096 2761 1218 2796 Gene-

397 2831 505 2857 rosae
532 2819 577 2855 ad
605 2823 748 2855 sextum
775 2819 954 2865 Philippi,
982 2819 1018 2854 in
1046 2820 1128 2855 luco
1155 2818 1218 2853 de-

394 2883 532 2915 tectum
558 2879 689 2921 XV11;
715 2899 751 2903 ——
777 2883 861 2913 aute
889 2878 1014 2913 deleta
1030 2877 1219 2913 Arvalium

396 2941 630 2975 monumenta
656 2938 860 2973 institutum
892 2938 1018 2972 XVII.

351 2996 660 3043 Coinquenda
697 2996 733 3031 in
771 2996 855 3031 luco
891 2996 1079 3031 Arvalium
1119 2994 1220 3031 culta

397 3057 482 3099 1473
514 3056 560 3093 cf.
587 3055 848 3090 Adolenda.

351 3115 626 3160 Coinquere,
655 3113 1218 3160 coinquire‚coinchuere

397 3174 517 3208 lucum
542 3174 588 3209 20
613 3175 669 3216 21,
703 3173 748 3210 cf.
775 3174 836 3214 22·,
869 3172 1021 3208 arbores
1049 3172 1112 3207 141
1142 3173 1218 3208 142.

352 3233 566 3277 Collegia
590 3243 723 3278 magna
749 3231 998 3268 sacerdotalia
1024 3243 1054 3267 v.
1075 3241 1219 3266 sacer-

398 3291 539 3328 dotia.

1280 294 1712 337 Columensculmen
1740 295 1779 331 7:
1811 295 1926 331 verba
1954 296 2016 330 sub
2053 297 2146 339 divo,

1326 354 1499 388 columine
1524 353 1756 400 explicantur
1779 354 1850 389 ibd.

1280 411 1484 448 Comitia
1514 411 1582 447 snb
1618 411 1898 456 imperatoribus
1924 415 1986 456 65;
2020 434 2052 440 -
2083 424 2145 450 co-

1326 470 1430 506 mitia
1447 470 1669 506 tribuniciae
1686 471 1901 517 potestatis,
1927 471 2148 515 consularia,

1329 529 1635 573 sacerdotiorum,
1659 529 1898 576 pontificatus
1913 531 2074 575 maximi,
2093 531 2148 566 in-

1327 591 1431 623 certa
1455 588 1606 624 65-68.

1282 646 1722 682 Commentariensis
1756 646 1866 682 adest
1897 646 2046 693 piaculo
2073 646 2148 682 ela-

1326 705 1440 740 tionis
1475 705 1560 739 ferri
1585 705 1653 740 133
1678 705 1763 747 134;
1798 706 1843 740 cf.
1876 705 2093 752 publicus
2128 715 2151 740 a

1328 763 1689 800 commentariis.

1283 821 1620 863 Commolanda,
1649 820 1978 858 Commolenda
2003 821 2040 856 in
2065 820 2150 858 luco

1330 880 1519 915 Arvalium
1552 880 1652 915 culta
1678 880 1764 922 147;
1809 880 1854 915 cf.
1887 879 1955 914 Ad
1970 879 2150 916 olenda.

1284 938 1574 974 Commolere
1602 939 1755 975 arbores
1782 938 1849 973 141
1872 939 1952 974 142.

1284 995 1542 1042 Concipere
1570 998 1656 1044 quid
1684 996 1871 1042 significet
1896 998 1952 1034 13.

1283 1054 1561 1091 Concordia:
1601 1057 1809 1091 immolatur
1847 1056 1882 1091 ei
1921 1056 1968 1092 ob
2006 1056 2152 1092 natales

1328 1113 1535 1160 principum
1562 1115 1628 1150 57:
1657 1135 1695 1140 —-
1727 1114 1992 1150 Concordia
2015 1115 2152 1152 hono-

1328 1171 1390 1206 ris
1436 1173 1735 1220 Agrippinae
1773 1173 2045 1218 Augustae:
2086 1174 2152 1209 im-

1329 1230 1485 1266 molatur
1523 1233 1557 1267 ei
1594 1232 1641 1268 ob
1674 1231 1832 1267 natalem
1866 1231 2028 1269 Neronis
2066 1233 2153 1276 ibd.;

1330 1310 1370 1314 —
1399 1290 1512 1326 aedes
1547 1290 1626 1334 eius
1658 1301 1752 1337 quae
1791 1293 1851 1326 est
1882 1291 1986 1326 iuxta
2023 1291 2153 1326 aedem

1330 1348 1403 1384 divi
1425 1349 1651 1396 Vespasiani
1675 1351 1716 1393 53
1744 1370 1786 1375 —-
1814 1350 1851 1385 in
1869 1349 1962 1384 aede
1989 1349 2069 1386 eius
2094 1349 2155 1386 vel

1331 1407 1367 1442 in
1392 1419 1532 1454 pronao
1552 1407 1657 1443 aedis
1684 1409 1907 1444 conveniunt
1925 1407 2085 1457 Arvales
2107 1408 2154 1444 ad

1330 1465 1568 1500 indicendum
1608 1477 1751 1503 sacrum
1790 1478 1948 1502 annuum
1986 1468 2075 1511 ibol.;
2110 1488 2153 1494 --

1331 1524 1366 1558 in
1395 1524 1488 1559 aede
1514 1525 1594 1560 eius
1622 1526 1829 1562 immolatur
1854 1526 1933 1562 165.

1285 1582 1562 1619 Coniuratio
1604 1584 1670 1620 Cu.
1698 1585 1847 1620 Lentuli
1880 1584 2068 1621 Gaetulici
2094 1584 2155 1629 773

1331 1661 1373 1666 —
1401 1642 1603 1678 Viniciana
1627 1644 1707 1679 115.

1285 1699 1597 1737 Consecratio
1654 1702 1761 1737 divae
1812 1702 2007 1748 Augustae
2058 1703 2156 1740 XVI

1330 1759 1364 1794 k.
1397 1760 1506 1796 Febr.
1542 1761 1638 1803 anni,
1677 1764 1718 1796 ut
1746 1761 1904 1805 videtur,
1941 1762 1988 1799 42
2018 1763 2082 1805 60;
2113 1782 2152 1789 -

1332 1817 1436 1852 divae
1477 1819 1662 1854 Drusillae
1696 1820 1739 1865 (2²)
1779 1820 1866 1863 1643
1892 1834 1936 1847 ·—
1975 1821 2157 1858 Matidiae

1329 1876 1526 1921 Augustae
1554 1889 1684 1914 socrus
1711 1878 1894 1914 Hadriani
1921 1880 1978 1915 88.

1286 1933 1590 1971 Consulatus:
1644 1936 1828 1972 sacrificia
1879 1932 1927 1973 ob
1969 1937 2159 1974 introitum

1333 1993 1547 2030 consulatus
1587 1997 1625 2029 C.
1669 1995 1840 2031 Caesaris
1885 1996 1983 2043 Aug.
2021 1996 2155 2041 Germ„

1333 2050 1508 2096 Neronis,
1537 2053 1679 2088 Galbae
1706 2054 1748 2099 (2)
1777 2055 1822 2090 69
1849 2055 1902 2090 70.

1287 2110 1534 2147 Consulum
1574 2113 1758 2158 permissu
1796 2116 2046 2150 convocantur
2082 2114 2155 2150 Ar-

1332 2171 1435 2209 vales
1462 2169 1507 2204 ad
1534 2174 1620 2205 vota
1647 2171 1825 2207 solvenda
1855 2177 1893 2207 et
1917 2164 2158 2219 suscipienda

1333 2231 1376 2265 37
1404 2230 1488 2271 1193
1522 2229 1610 2264 item
1642 2241 1687 2264 ex
1712 2230 1895 2277 permissu
1928 2230 2092 2266 consulis
2118 2234 2158 2267 et

1333 2300 1379 2324 ex
1405 2299 1590 2323 consensu
1617 2292 1768 2324 senatus
1794 2290 1865 2324 ihd.

1288 2348 1638 2384 Consummatur
1691 2357 1834 2382 sacrum
1885 2359 2042 2384 annuum
2094 2348 2156 2384 die

1333 2406 1446 2442 tertio
1471 2405 1527 2442 41.

1288 2466 1576 2510 Contingere:
1605 2464 1650 2498 de
1670 2464 1945 2510 significatione
1962 2465 2068 2501 verbi
2095 2466 2158 2508 14;

1335 2545 1378 2551 --
1407 2523 1622 2568 contingere
1641 2534 1723 2558 aras
1736 2524 1793 2565 27,
1823 2545 1863 2550 -
1884 2523 2008 2570 fruges
2034 2523 2159 2560 aridas

1336 2587 1375 2619 et
1400 2582 1537 2618 virides
1565 2582 1621 2625 11,
1648 2602 1691 2607 —-
1725 2581 1849 2628 pultes
1874 2582 1938 2625 273
1966 2602 2009 2608 -
2041 2590 2158 2619 conte·

1333 2650 1460 2688 yerzmt
1486 2640 1621 2676 dicitur
1647 2652 1713 2687 pro
1740 2642 1960 2686 contiqerum
1985 2642 2058 2676 ibd.

1290 2700 1317 2736 C
1332 2711 1352 2734 0
1364 2711 1383 2735 o
1394 2700 1515 2746 ptati
1528 2710 1548 2734 o
1576 2699 1725 2734 fratrum
1745 2698 1935 2734 Arvalium
1961 2700 2030 2736 150
2054 2710 2159 2747 seqq.
2183 2734 2185 2738 ,

1337 2779 1378 2784 --
1406 2770 1452 2792 ex
1483 2758 1625 2792 tabella
1662 2758 1721 2793 vel
1751 2758 1888 2793 litteris
1925 2758 2159 2806 imperatoris

1292 2810 1295 2814 ”
1337 2818 1416 2853 152.
1443 2837 1486 2842 -
1514 2817 1705 2863 cooptatio
1731 2827 1799 2863 per
1822 2817 1983 2853 tabellas
2009 2817 2089 2854 156.
2115 2836 2158 2843 -—

1336 2878 1393 2912 De
1433 2876 1684 2922 cooptationis
1734 2876 1968 2912 sacerdotum
2017 2876 2159 2913 ratione

1337 2936 1415 2971 154.

1289 2994 1474 3031 Corbul.
1500 2994 1556 3028 28.

1289 3054 1316 3089 C
1332 3065 1352 3088 o
1364 3065 1381 3088 r
1390 3064 1411 3089 o
1421 3064 1443 3088 n
1455 3064 1476 3087 a
1485 3063 1504 3086 e
1515 3063 1523 3086 z
1552 3051 1743 3098 accipiunt
1757 3048 1917 3087 Arvales
1935 3050 2031 3088 sacri
2050 3043 2169 3087 annui

1338 3112 1398 3147 die
1425 3113 1542 3159 primo
1578 3115 1666 3159 post
1690 3110 1880 3146 meridiem
1907 3110 1968 3153 13;
1999 3131 2035 3135 —
2071 3120 2159 3145 cou-

1338 3171 1477 3207 vivales
1519 3173 1608 3213 ibd.;
1654 3191 1696 3198 -
1747 3169 1934 3215 argenteis
1985 3172 2161 3204 ornantur

1338 3231 1498 3265 victores
1537 3232 1570 3266 in
1612 3230 1708 3266 ludis
1747 3227 1976 3264 circensibus
2013 3229 2076 3270 363
2117 3246 2159 3253 —

1338 3289 1511 3324 derectae
1567 3300 1633 3335 per
1683 3288 2051 3323 commentariensem
2103 3287 2160 3328 26,

2321 1027 2340 1100 i
