2340 3658
386 208 440 250 66
1043 206 1233 242 sacrificia
1258 207 1518 243 anniversaria.

397 322 638 361 Decembres
670 334 694 360 a
721 324 860 360 senatu
886 321 1037 361 Neroni
1065 322 1224 360 decreta
1252 334 1340 360 esse
1367 334 1612 373 poneremus,
1641 335 1756 374 quam
1782 324 2050 365 Mommsenus
2079 326 2191 376 (Her-

395 398 466 422 mes
493 386 517 423 l.
540 397 573 423 c.
602 397 638 435 p.
662 386 709 423 56
731 385 875 435 seqq),
912 396 996 422 cum
1034 389 1122 423 ante
1157 388 1319 424 mortem
1352 385 1511 425 Claudii
1538 386 1663 436 pridie
1691 386 1778 425 idus
1805 388 2044 426 Decembres
2072 390 2205 429 tribu-,

390 448 533 486 niciam
563 452 800 498 potestatem
829 448 864 486 ei
893 448 1087 496 collatam,
1115 448 1175 486 vel
1196 453 1300 487 certe
1330 449 1377 487 de
1398 449 1542 487 collata
1561 450 1758 488 decretum
1786 455 1928 502 postea
1955 450 2086 491 fictum
2106 463 2192 492 esse

387 511 591 550 coniceret.

861 711 894 740 c.
956 698 1029 741 OB
1062 697 1301 741 COMITIA
1333 698 1707 743 CONSULARIA.

387 826 441 868 59
860 824 946 867 IIII
977 825 1151 879 non(as)
1181 824 1397 879 Mart(ias)
1428 850 1481 854 —
1513 825 1565 868 ob
1598 826 1769 868 comitia
1800 827 2041 871 consularia
2056 830 2192 874 *Nero-

911 893 978 934 nis
1012 892 1162 935 Claudi
1195 892 1391 935 Caesaris
1422 893 1644 949 Aug(usti)
1675 894 1929 938 Germanici.

493 962 663 1002 Comitia
698 962 798 1000 haec
832 960 1041 1000 referenda
1076 972 1163 998 esse
1198 960 1250 999 ad
1286 962 1529 1000 consulatum
1557 962 1706 1000 Neroni
1741 974 1842 1001 anno
1870 965 1918 1002 51
1954 952 2124 1006 delatum
2154 969 2193 1007 in

388 1038 530 1065 annum
571 1028 619 1064 55
661 1030 798 1064 contra
826 1025 1011 1062 Rossium
1055 1023 1170 1073 (Bull.
1215 1026 1312 1062 crist.
1346 1026 1443 1063 1866
1470 1037 1507 1074 p.
1538 1024 1602 1072 61)
1637 1029 1742 1064 recte
1770 1028 1901 1077 posuit
1928 1028 2194 1070 Mommsenus

391 1091 558 1135 (Hermes
584 1089 607 1126 2
635 1101 671 1138 p.
700 1089 768 1136 63;
796 1090 818 1126 3
847 1101 884 1138 p.
914 1088 963 1126 94
990 1100 1025 1125 n.
1054 1088 1106 1137 3).
1141 1087 1244 1126 Nam
1273 1099 1396 1137 neque
1426 1087 1508 1125 fieri
1537 1092 1707 1138 poterat,
1746 1095 1788 1128 ut
1814 1091 2013 1142 princeps,
2042 1094 2075 1132 si
2101 1095 2195 1135 1111

389 1152 539 1190 demum
580 1163 704 1189 nonas
744 1152 906 1190 Martias
949 1152 1087 1189 consul
1117 1151 1208 1188 IIII
1249 1151 1495 1190 renuntiatus
1537 1156 1618 1200 est,
1660 1150 1840 1193 kalendis
1882 1157 1961 1195 iam
2000 1156 2196 1197 Ianuariis

388 1215 563 1253 eiusdem
603 1214 693 1252 anni
735 1215 870 1253 consul
913 1214 1005 1252 IIII
1037 1213 1268 1262 designatus
1298 1214 1511 1263 diceretur,
1541 1219 1580 1252 et
1606 1215 1768 1265 similia,
1798 1230 1900 1267 quae
1927 1219 1966 1258 in
1994 1221 2092 1259 actis
2120 1223 2196 1261 Ar-

388 1279 529 1316 valium
560 1283 695 1316 notata
725 1282 815 1316 sunt
843 1277 1048 1325 sacrificia,
1078 1278 1139 1315 vel
1167 1277 1437 1316 anniversaria
1465 1281 1565 1326 sunt,
1593 1278 1653 1315 vel
1683 1279 1733 1317 ob
1762 1281 1924 1329 primum
1952 1283 2196 1324 consulatum

387 1342 600 1391 primamve
641 1341 888 1380 tribuniciam
927 1344 1165 1390 potestatem
1200 1341 1316 1387 fiunt,
1358 1352 1518 1391 prorsus
1561 1346 1690 1379 autem
1719 1341 1876 1382 diversa
1905 1350 2045 1385 sunta
2074 1349 2197 1387 sacris

389 1417 489 1456 quae
546 1405 594 1442 ob
644 1405 844 1443 introitum
892 1405 1121 1443 consulatus
1172 1403 1355 1443 kalendis
1405 1404 1600 1442 Ianuariis
1641 1404 1722 1442 fieri
1765 1406 1948 1447 solebant
1988 1410 2055 1456 (cf.
2096 1411 2200 1452 infra

388 1482 424 1519 p.
443 1468 517 1518 74).
561 1468 820 1506 Confirmatur
849 1472 1054 1517 praeterea
1077 1468 1308 1506 Mommseni
1339 1468 1536 1506 sententia
1551 1479 1609 1515 eo,
1641 1467 1746 1517 quod
1762 1469 1898 1508 eodem
1915 1472 1995 1511 fere
2023 1478 2198 1525 tempore

387 1532 635 1583 pontificatus
675 1543 831 1582 quoque
866 1531 1015 1569 Neroni
1056 1531 1168 1569 datus
1211 1536 1286 1569 est:
1332 1531 1380 1569 cf.
1414 1535 1535 1580 caput
1567 1542 1747 1580 sequens.
1810 1534 1870 1572 De
1905 1534 2064 1575 Nerone
2107 1549 2199 1576 con-

389 1596 470 1634 sule
489 1595 696 1643 designato
714 1594 879 1632 Tacitus
907 1594 1006 1642 (αηη.
1027 1595 1166 1643 12‚41)
1193 1594 1317 1632 tradit
1348 1594 1467 1632 haec:
1500 1595 1555 1633 Ti.
1576 1595 1730 1634 Claudio
1749 1598 1924 1644 quintam,
1950 1600 2078 1639 Servio
2107 1601 2197 1640 Cor-

388 1660 483 1696 nelio
511 1659 713 1696 consulibus
739 1659 854 1695 virilis
881 1664 968 1706 toya
994 1658 1139 1696 Neroni
1166 1664 1366 1704 maturata,
1395 1670 1464 1707 quo
1494 1659 1733 1707 capessendae
1772 1662 1826 1696 rei
1862 1648 2034 1710 publicae
2071 1663 2202 1702 habilis

390 1723 582 1760 videretur.
637 1721 692 1758 Et
720 1722 855 1760 Caesar
889 1722 1163 1759 adulationibus
1189 1728 1333 1759 senatus
1360 1722 1470 1759 libens
1497 1725 1610 1767 cessit,
1649 1729 1690 1759 ut
1727 1725 1892 1763 vicesimo
1932 1728 2062 1764 aetatis
2102 1740 2199 1766 anno

391 1786 616 1824 consulatum
642 1785 745 1822 Nero
772 1786 881 1821 iniret
907 1790 1016 1833 atque
1043 1787 1186 1822 interim
1213 1786 1419 1834 designatus
1442 1786 1705 1833 proconsulare
1730 1789 1921 1837 impervium
1947 1795 2051 1826 extra
2075 1789 2199 1828 urbem

391 1849 535 1886 haberet
563 1852 637 1886 cet.
690 1847 741 1885 Id
767 1847 964 1897 prioribus
993 1849 1194 1887 mensibus
1224 1848 1316 1886 anni
1358 1849 1405 1887 51
1447 1848 1592 1886 factum
1635 1861 1722 1887 esse
1762 1850 1846 1900 ipse
1887 1850 2064 1891 declarat
2089 1853 2198 1892 locus

392 1923 469 1962 quo
497 1913 534 1950 in
565 1911 725 1950 annales
756 1923 779 1949 a
807 1911 952 1950 Tacito
978 1912 1143 1950 relatum
1173 1916 1243 1951 est.
1299 1911 1490 1950 Eiusdem
1530 1912 1585 1950 rei
1624 1914 1769 1952 mentio
1810 1914 1979 1953 fortasse
2021 1920 2199 1966 superest

391 1974 430 2012 in
458 1975 678 2023 fragmento
714 1974 857 2024 exiguo
886 1973 1027 2014 Claud.
1058 1975 1105 2025 E,
1136 1976 1210 2014 nisi
1236 1975 1277 2014 id
1306 1975 1549 2014 consularem
1579 1976 1709 2026 potius
1738 1977 1790 2016 ad
1816 1977 2042 2028 processum
2071 1980 2198 2019 cuius-

393 2037 482 2077 dam
510 2038 698 2089 principis
727 2038 972 2077 referendum
1001 2043 1071 2077 est.

392 2114 446 2155 69
597 2110 606 2117 '
863 2113 945 2156 VII
975 2113 1225 2169 k(alendas)
1255 2113 1621 2169 Febr(uarias)--
1640 2113 1693 2156 ob
1727 2113 1932 2172 [c]0mitia
1961 2116 2202 2159 consularia

913 2183 1223 2238 imp(eratoris)
1255 2182 1432 2225 Othonis
1466 2182 1702 2237 Caesar-(is)
1732 2183 1965 2239 Aug(usti).

495 2262 600 2302 Otho
641 2263 767 2301 caesis
811 2262 1037 2301 consulibus
1078 2262 1284 2300 ordinariis
1327 2261 1459 2301 Galba
1486 2262 1682 2312 Vinioque
1724 2262 1868 2301 Rufino
1911 2263 2022 2312 (Tac.
2051 2264 2131 2303 hist.
2163 2266 2198 2314 1,

390 2327 451 2364 41.
480 2325 546 2377 42)
589 2338 673 2364 cum
704 2325 864 2363 Titiano
893 2326 1013 2364 fratre
1049 2325 1088 2363 in
1117 2326 1307 2364 kalendas
1336 2326 1499 2365 Martias
1527 2327 1613 2376 ipse
1642 2326 1888 2364 consulatum
1917 2327 2092 2377 suscepit
2132 2326 2197 2379 (cf.

394 2388 490 2427 Tac.
519 2389 542 2426 l.
572 2401 604 2426 c.
632 2387 677 2427 77
708 2393 748 2427 et
774 2389 871 2438 Epir.
902 2392 1014 2439 epigr.
1044 2389 1063 2427 Ι
1092 2402 1129 2440 p.
1162 2390 1262 2438 190).
1309 2389 1590 2428 Renuntiatum
1631 2389 1751 2438 igitur
1791 2402 1875 2428 eum
1918 2401 2009 2428 esse
2045 2389 2133 2429 VII
2162 2391 2198 2429 k.

392 2452 509 2490 Febr.
566 2465 651 2491 cum
697 2456 788 2491 aeta
834 2452 1022 2501 doceant,
1077 2464 1153 2502 quo
1207 2453 1268 2491 die
1322 2453 1542 2491 nominatus
1590 2453 1641 2491 sit
1703 2465 1778 2491 non
1831 2457 1999 2492 constat.
2071 2453 2198 2492 Recte

393 2518 522 2552 autem
547 2515 587 2552 in
614 2516 714 2554 actis
744 2515 795 2553 ad
823 2515 930 2554 illum
959 2516 1060 2554 diem
1088 2517 1268 2555 consules
1299 2516 1392 2554 nulli
1433 2516 1612 2563 citantur,
1643 2515 1750 2566 quod
1778 2516 1959 2554 consules
1988 2520 2199 2567 antequam

392 2579 431 2615 in
461 2577 627 2616 comitiis
655 2578 865 2617 renuntiati
895 2586 1039 2628 essent,
1067 2592 1139 2618 nec
1167 2591 1239 2629 pro
1267 2579 1564 2628 magistratibus
1591 2579 1773 2627 legitimis
1802 2579 1937 2617 haberi
1965 2591 2037 2618 nec
2063 2580 2102 2617 in
2130 2579 2198 2618 do-

393 2642 580 2680 cumentis
624 2643 915 2680 commemorari
955 2647 1151 2692 poterant.
1206 2643 1267 2681 De
1309 2642 1505 2680 creatione
1552 2653 1643 2680 vero
1681 2642 1743 2680 vel
1778 2642 1909 2692 potius
1937 2642 2198 2681 nominatione

394 2705 595 2743 consulum
619 2705 658 2742 in
688 2708 827 2743 senatu
856 2717 1064 2757 eorumque
1100 2706 1387 2745 renuntiatione
1428 2705 1467 2743 in
1508 2705 1672 2744 comitiis
1714 2706 1763 2744 cf.
1802 2707 2018 2745 Mommsen
2057 2706 2199 2745 Staats·

394 2769 491 2807 reeht
516 2768 536 2806 Ι
564 2781 602 2818 p.
630 2769 716 2807 485.

575 2956 614 2999 d.
675 2959 749 3003 OB
781 2956 1140 3003 SACERDOTIA
1172 2958 1246 3000 ΕΤ
1275 2956 1704 3002 PONTIFICATUM
1734 2957 2023 3001 MAXIMUM.

394 3085 448 3127 59
839 3084 904 3126 III
933 3096 1069 3126 nonas
1100 3083 1317 3139 Mart(ias)
1338 3109 1391 3114 ——
1415 3082 1484 3140 [ob
1514 3082 1822 3141 p0]ntificatum
1843 3083 2026 3126 Neronis
2048 3081 2199 3126 Claudi

917 3152 1113 3196 Caesaris
1142 3152 1362 3208 Aug(usti)
1394 3153 1649 3196 Germanici.
1853 3177 1855 3179 -

497 3233 604 3272 Nero
646 3246 733 3273 cum
761 3234 828 3272 ΙΙΙ
873 3244 996 3272 nonas
1023 3232 1186 3272 Martias
1227 3233 1327 3270 inter
1366 3234 1571 3282 pontifices
1610 3237 1792 3283 receptus
1835 3233 1897 3281 sit,
1938 3230 2199 3270 sacerdotium

395 3298 550 3348 accepit
584 3297 645 3336 die
685 3296 863 3348 proximo
891 3301 983 3347 post
1011 3307 1096 3334 eum
1123 3308 1200 3346 quo
1230 3295 1386 3335 comitia
1413 3297 1494 3335 eius
1525 3296 1746 3335 consularia
1779 3294 1914 3334 habita
1941 3298 2042 3334 sunt.
2098 3293 2198 3332 Inde
