2340 3658
992 182 1202 223 Exordium.
1911 186 1996 216 xxv

312 314 380 359 28.
438 312 580 358 Pauca
609 304 794 364 denique
824 298 1024 348 addenda
1053 306 1152 344 sunt
1181 299 1234 342 de
1265 299 1331 354 iis,
1364 309 1474 353 quae
1503 294 1557 337 de
1587 292 1763 336 historia
1792 293 1877 335 luci
1914 305 1999 333 mo-
2025 332 2035 338 ,

202 389 581 436 numentorumque
624 360 719 420 ¹cius
761 388 814 418 ex
856 371 1035 428 repertis
1081 370 1301 424 hucusque
1345 367 1451 408 actis
1505 364 1706 416 colligere
1751 361 1862 403 licet.
1937 360 1998 401 Ea

201 459 329 498 antea
372 451 556 494 diximus
600 448 642 489 111
687 444 902 500 stylobata
945 441 1091 496 templi
1137 439 1273 481 incisa
1317 450 1411 479 esse
1456 447 1482 476 a
1525 438 1714 488 tempore
1764 431 1853 473 fere
1899 430 2000 472 Cae-

202 523 311 566 saris
345 518 527 573 Augusti
569 515 625 558 ad
662 518 843 557 aetatem
888 523 1023 565 usque
1067 507 1271 551 Antonini
1307 505 1391 560 Pii,
1435 508 1479 545 ut
1510 502 1636 546 etiam
1680 505 1831 557 postea
1874 513 2001 553 quae-

202 591 301 634 dam
355 585 762 643 superadderentur:
816 585 912 623 acta
962 578 1074 621 enim
1118 592 1157 621 a.
1203 576 1287 618 213
1330 574 1374 615 in
1419 577 1539 628 parte
1583 570 1783 612 inferiore
1829 569 2000 611 tabulae

203 674 242 702 a.
277 660 355 701 155
387 654 605 709 adscripta
632 655 749 706 sunt,
787 649 843 691 ad
880 647 1146 702 eandemque
1183 645 1271 687 sere
1302 647 1482 685 aetatem
1514 644 1706 696 spectant
1738 643 1832 680 acta
1863 639 1905 680 in
1943 644 2003 682 ta—

202 729 304 771 bula
352 740 391 768 a.
430 726 486 767 90
530 722 717 774 adiecta,
767 731 877 773 quae
928 730 1040 758 anno
1086 715 1169 757 219
1223 712 1452 755 tribuenda
1503 723 1596 753 esse
1642 708 1822 751 ostendi.
1895 709 2001 751 Acta

203 801 343 839 autem
382 807 420 836 a.
457 793 534 834 183
565 802 696 845 supra
736 786 922 830 vidimus
962 789 1135 840 propter
1174 783 1354 825 sormam
1391 781 1605 823 diversam
1640 792 1726 820 non
1763 778 1807 819 111
1854 779 2004 820 eodem

205 847 419 919 stylobata
449 859 684 916 perscripta
713 849 858 898 fuisse.
909 855 1057 908 Itaque
1087 853 1211 895 tertio
1232 852 1403 894 saeculo
1426 850 1655 905 incipiente
1677 848 1849 903 repletis
1870 862 2002 904 prope

205 932 337 975 muris
370 930 425 972 ad
456 933 553 971 aeta.
581 925 855 969 inscribenda
885 927 958 964 aut
994 923 1134 979 spatia
1172 935 1223 964 ea
1261 920 1585 975 adhibebantur,
1625 933 1735 974 quae
1771 923 1898 961 antea.
1933 932 2004 960 va-

205 1014 285 1043 cua
326 1000 370 1041 111
410 999 464 1040 iis
499 997 648 1040 relicta
686 999 818 1050 erant,
857 998 929 1035 aut
966 993 1009 1034 in
1052 991 1148 1033 aliis
1186 990 1269 1032 luci
1314 990 1597 1031 monumentis
1639 995 1732 1031 acta
1772 990 2003 1033 exaraban-

205 1074 294 1122 tur,
338 1074 384 1109 ut
421 1072 517 1109 acta
557 1079 595 1108 a..
626 1065 709 1107 :2ss
740 1063 946 1118 inscripta
982 1065 1079 1103 sunt
1109 1060 1150 1101 in
1182 1058 1367 1100 adversa
1396 1058 1555 1114 pariter
1589 1063 1630 1100 et
1667 1071 1820 1102 aversa
1855 1061 2001 1103 tabula

207 1137 412 1193 quadam,
450 1149 560 1191 quae
591 1146 764 1176 mensae
796 1130 978 1173 sortasse
1007 1130 1100 1171 loeo
1131 1128 1359 1170 Arvalibus
1390 1133 1493 1182 erat,
1526 1127 1623 1170 item
1654 1133 1749 1171 acta
1779 1143 1817 1171 a.
1849 1130 1933 1172 :220
1963 1130 2005 1171 in

207 1205 411 1248 cathedra
432 1203 707 1246 subselliove.
767 1202 878 1255 Mox,
910 1198 1071 1241 scilicet
1099 1201 1196 1253 post
1218 1196 1426 1239 Gordiani
1447 1196 1685 1253 imperium,
1718 1203 1811 1240 acta
1833 1200 2004 1240 omnino

208 1275 408 1318 videntur
439 1273 615 1315 desiisse
645 1271 789 1325 incidi,
821 1270 913 1311 sive
944 1267 1057 1323 quod
1085 1270 1356 1308 cessaverant
1377 1266 1596 1308 A1valium
1618 1280 1742 1309 saera
1763 1268 1853 1310 sive
1876 1268 2004 1309 aliam

208 1345 262 1387 ob
299 1356 473 1386 causam
510 1342 632 1383 nobis
667 1341 869 1394 ignotam.
929 1338 1081 1391 Neque
1109 1340 1252 1377 tamen
1281 1335 1335 1377 ab
1366 1349 1418 1378 ea
1448 1336 1532 1377 iam
1563 1341 1703 1378 aetate
1733 1343 2007 1379 monumenta

207 1412 335 1468 diripi
373 1415 523 1466 coepta
561 1422 654 1451 esse
693 1414 732 1450 et
764 1421 839 1463 per
870 1406 1015 1448 urbem
1045 1405 1192 1460 spargi
1222 1405 1448 1447 manifesto
1480 1405 1696 1460 colligitur
1728 1407 1846 1462 inde,
1890 1407 2005 1462 quod

207 1483 252 1525 in
283 1479 535 1523 coemeterio
566 1477 839 1519 subterraneo
871 1473 1206 1529 christianorum,
1238 1473 1351 1529 quod
1382 1478 1482 1515 ante
1518 1475 1838 1518 Constantinum
1878 1476 2007 1531 inlpe—

208 1555 390 1593 ratorem
423 1547 653 1590 institutum
687 1558 780 1587 esse
810 1543 995 1599 pervidit
1024 1544 1200 1586 Rossius
1224 1543 1266 1598 ¹),
1297 1548 1486 1585 actorum
1517 1543 1737 1586 Arvalium
1767 1545 2006 1598 fragmenta

209 1619 329 1662 nulla
365 1618 524 1660 effossa
559 1620 655 1657 sunt
692 1613 774 1655 nisi
812 1626 942 1654 unum
983 1611 1263 1654 restaurando
1295 1612 1433 1654 loculo
1463 1612 1700 1655 adhibitum
1730 1615 2006 1670 alterumque,

209 1701 293 1742 quo
324 1685 562 1741 sepulcrum
593 1684 637 1725 in
669 1683 762 1724 solo
793 1686 1043 1724 excavat-um
1074 1686 1213 1724 aetate
1243 1681 1477 1737 posteriore
1498 1681 1748 1738 adopertum
1773 1689 1848 1726 est.
1879 1686 2006 1726 Acce-

210 1756 284 1811 dit,
316 1754 431 1810 quod
451 1767 504 1796 116
528 1753 571 1794 111
593 1752 779 1794 oratorio
811 1751 982 1806 quidem
1002 1764 1028 1792 a
1050 1751 1237 1793 Damaso
1260 1755 1445 1793 extructo
1469 1765 1725 1807 quamquam
1747 1753 1859 1796 11111111
1881 1753 2008 1796 dubie

211 1838 261 1867 eo
283 1828 472 1878 tempore
493 1822 632 1863 lucum
655 1819 871 1861 christiani
893 1819 1181 1875 possidebant,
1213 1823 1403 1862 actorum
1425 1820 1646 1863 Arvalium
1667 1823 1780 1864 ullae
1802 1822 2009 1877 reliquiae

212 1896 404 1948 repertae
441 1895 548 1933 sunt.
609 1888 733 1931 Unde-
770 1888 849 1930 hoc
881 1893 992 1931 certe
1024 1893 1191 1930 constat
1220 1888 1277 1929 ad
1306 1902 1463 1931 annum
1494 1903 1629 1944 usque
1659 1891 1754 1946 382,
1795 1905 1876 1945 quo
1900 1891 2009 1933 bona

210 1961 463 2016 templorum
502 1964 542 2001 et
578 1958 846 2000 sacerdotum
885 1957 1027 1999 onmia
1064 1970 1091 1998 a
1122 1957 1327 2000 Gratiano
1360 1958 1553 2012 Augusto
1586 1960 1629 2001 in
1659 1959 1804 2001 fiscum
1837 1960 2011 2002 redacta

213 2035 331 2085 sunt,
370 2029 521 2070 illaesa
557 2027 765 2069 mansisse
804 2030 1078 2069 monumenta
1115 2026 1347 2068 Arvalium.
1407 2027 1470 2069 Eo
1500 2040 1613 2069 anno
1645 2029 1867 2071 Arvalium
1899 2030 2010 2072 bona

214 2099 418 2141 eeclesiae
450 2099 665 2139 Romanae
706 2095 865 2137 donata
905 2109 998 2138 esse
1037 2100 1271 2138 extructum
1307 2095 1366 2138 ibi
1408 2097 1638 2138 oratorium
1669 2098 1836 2140 videtur
1866 2098 2011 2140 confir-

213 2181 342 2209 mare.
393 2166 448 2208 At
478 2179 532 2207 ne
561 2170 647 2207 tum
679 2164 850 2219 quidem
870 2164 1071 2220 templum
1100 2164 1307 2207 deiectum
1330 2170 1393 2207 est
1413 2165 1654 2221 tabulisque
1676 2168 1731 2209 ad
1753 2168 2009 2222 stylobatam

214 2235 367 2278 adfixis
397 2235 622 2290 privatum,
654 2247 749 2275 cum
779 2234 994 2276 etiamtum
1019 2234 1149 2276 aedes
1180 2234 1264 2276 diis
1292 2247 1441 2276 sacrae
1462 2234 1494 2290 ²)
1515 2235 1680 2289 legibus
1711 2237 2011 2292 imperatorum

214 2308 550 2360 protegerentur.
609 2304 741 2345 Immo
763 2303 1015 2357 tabularum,
1038 2316 1149 2358 qua-e
1171 2303 1514 2358 inscriptionibus
1531 2305 1854 2348 christiansnuin
1882 2308 2012 2360 insig-

215 2387 292 2415 nes
334 2373 447 2415 circa
492 2371 720 2414 oratorium
767 2372 943 2412 Damasi
989 2372 1174 2414 effossae
1210 2376 1326 2427 sunt,
1372 2373 1490 2414 nulla
1535 2372 1588 2415 de
1636 2375 1743 2417 aede
1788 2376 2010 2418 Arvalium

217 2441 408 2484 detracta
446 2446 529 2495 es13
575 2454 711 2494 neque
754 2439 973 2482 Arvalium
1013 2441 1170 2482 tabulis
1205 2446 1318 2483 tecta.
1352 2446 1450 2483 sunt
1490 2442 1571 2484 nisi
1608 2445 1805 2499 sepulcra
1840 2444 2011 2485 rudiora

216 2510 397 2553 saeculis
441 2509 588 2564 quinto
634 2514 674 2551 et
719 2513 838 2551 sexto
884 2509 952 2551 vel
997 2510 1124 2551 etiam
1169 2511 1475 2565 posterioribus
1523 2526 1550 2554 a
1593 2513 1743 2555 Rossio
1789 2513 1945 2555 tributa
1967 2514 2010 2567 ³³).

217 2579 490 2621 Monumenta
535 2578 665 2632 igitur
700 2577 921 2620 Arvalium
961 2579 1088 2620 etiam
1124 2571 1348 2634 postquam
1386 2581 1498 2623 bona
1538 2595 1679 2624 eorum
1718 2582 1932 2637 publicata
1972 2588 2011 2624 ct

219 2647 467 2690 christianis
498 2647 599 2689 data
630 2651 738 2701 sunt,
771 2659 847 2701 per
877 2646 1049 2700 longum
1072 2652 1239 2703 tempus
1261 2650 1458 2691 videntur
1489 2650 1639 2692 illaesa
1670 2650 1858 2703 durasse,
1891 2656 1930 2692 ct
1961 2664 2014 2692 116

218 2716 261 2758 111
295 2716 465 2771 quidem
488 2729 634 2758 verum
657 2714 823 2757 videtur
845 2729 950 2771 esse,
981 2716 1094 2770 quod
1115 2717 1308 2759 Rossium
1324 2718 1356 2773 ⁴)
1383 2724 1552 2761 secutus
1574 2719 1666 2774 ipse
1695 2719 1794 2761 olim
1818 2720 1943 2761 statui
1968 2720 2010 2774 ἦ),
2063 2771 2071 2776 ⁸

219 2786 318 2828 1111111
341 2785 438 2826 116111
462 2789 717 2840 parceretur,
749 2784 888 2826 lucum
911 2785 1143 2839 expilatum
1165 2799 1265 2828 esse
1286 2794 1640 2843 monumentaque
1673 2788 1761 2829 eius
1792 2788 1835 2829 in
1867 2788 2012 2830 urbem

218 2857 460 2908 asportata,
483 2865 580 2894 1111111
602 2852 767 2894 etiamsi
790 2853 897 2895 inter
917 2859 1013 2895 acta
1029 2854 1071 2894 in
1090 2857 1353 2897 coemeteriis
1374 2857 1627 2899 suburbanis
1649 2857 1690 2897 in
1713 2857 1892 2911 ipsaque
1910 2858 2011 2899 urhe

219 2922 394 2964 inventa
414 2921 527 2963 haud
549 2934 686 2976 pauca
707 2921 876 2976 quidem
899 2922 1152 2964 documenta
1172 2925 1324 2966 aetatis
1340 2930 1436 2966 sunt
1452 2926 1699 2980 posterioris
1721 2926 1792 2980 (cf.
1810 2925 2011 2967 elenchus

221 3003 352 3046 supra
383 3004 422 3045 p.
447 2989 552 3032 XXI
586 2990 828 3044 propositus
850 2995 1035 3032 actorum
1058 3004 1080 3032 e
1103 2992 1196 3034 luco
1218 2992 1513 3048 sublatorum),
1543 2994 1667 3048 plura
1695 2998 1836 3035 tamen
1867 3007 2011 3035 eorum

315 3128 341 3171 ¹)
375 3127 469 3161 Ball.
497 3129 593 3161 arrh⁴
622 3129 712 3161 crist.
742 3129 831 3163 1869
857 3139 879 3174 p
921 3132 934 3164 1
960 3141 1079 3175 seqq..
1244 3130 1272 3171 ²,
1302 3130 1322 3166 l.
1349 3143 1377 3164 c.
1407 3132 1497 3167 1865
1522 3143 1544 3176 p
1574 3133 1627 3166 31.

219 3186 436 3233 praesertim
463 3197 496 3232 p.
519 3186 562 3221 13
576 3196 679 3232 seqq.
1242 3188 1271 3234 ⁴)
1296 3190 1379 3223 Anu
1420 3190 1497 3222 Ins!
1537 3192 1621 3223 arch
1663 3193 1751 3227 1858
1777 3203 1798 3238 p
1831 3193 1875 3227 63
1891 3204 1984 3238 seqq

313 3242 341 3287 2)
374 3243 419 3279 cf.
446 3244 606 3280 Rossius
632 3244 653 3279 l.
681 3255 711 3279 c.
740 3246 830 3281 1865
859 3257 893 3292 p.
918 3245 941 3281 5
958 3257 1080 3292 seqq.;
1244 3247 1271 3291 5)
1297 3248 1483 3282 Relazioue
1508 3260 1540 3295 p.
1560 3250 1642 3285 ΧΗ.

222 3303 312 3341 1868
337 3314 370 3351 p.
388 3303 451 3346 3o;
478 3304 568 3341 1869
594 3314 628 3351 p.
647 3304 690 3340 13
708 3315 814 3351 seqq.
