2340 3658
934 159 938 164 ’
994 156 1098 192 Vota
1122 167 1253 193 annua.
1870 150 1877 153 ”
1973 161 2027 203 97

217 271 383 320 videtur,
410 270 512 311 actis
539 271 633 310 anni
659 272 721 321 89,
750 271 894 322 quibus
922 271 1040 311 solito
1066 271 1227 311 brevius
1266 274 1361 311 vota
1398 272 1637 319 referuntur;
1676 275 1772 322 post
1810 271 1894 310 eius
1939 284 2033 311 vero

220 338 391 374 aetatem
417 333 703 384 imperantibus
731 333 919 382 Traiano,
938 333 1159 384 Hadriano,
1178 334 1385 373 Antonino
1411 333 1486 372 Pio
1515 346 1631 385 quam
1652 335 1823 373 maxima
1839 336 2033 374 brevitate

217 402 309 436 aeta
334 402 533 447 concepta
559 402 663 445 sunt,
691 401 736 435 nt
762 397 835 435 sub
863 396 1039 436 Traiano
1066 407 1139 435 nec
1166 397 1326 436 numina
1354 397 1601 436 nominentur
1635 409 1709 436 nec
1736 398 1931 447 victimae,
1960 399 2033 436 sub

215 460 425 500 Hadriano
467 464 596 499 autem
636 465 677 499 et
702 459 910 498 Antonino
935 459 1011 497 Pio
1038 471 1087 498 ne
1129 463 1307 498 votorum
1335 459 1493 510 quidem
1528 461 1745 499 solutorum
1774 467 1841 499 aut
1869 460 2033 498 deorum

106 514 111 517 ⁴
172 523 175 524 ⁷
216 523 538 573 victimarumque
565 521 648 561 ulla
674 527 783 561 extet
810 523 1140 561 commemoratio.
1188 522 1289 561 Item
1317 534 1419 574 quae
1448 522 1497 561 de
1526 524 1638 562 novis
1673 524 1774 562 votis
1802 535 2033 573 nuncupan-

217 585 278 624 dis
306 589 445 635 quarto
473 586 606 636 capite
634 589 811 624 aetorum
837 584 1053 624 Domitiani
1079 586 1274 635 leguntur,
1303 597 1350 624 ea
1378 585 1416 623 in
1445 586 1545 624 actis
1575 589 1665 624 aute
1702 590 1871 624 aetatem
1898 587 2033 624 Domi·

216 648 313 687 tiani
338 648 575 699 conscriptis
603 648 777 687 breviter
803 647 1027 697 significata
1054 652 1157 696 sunt,
1184 648 1241 686 ita
1266 653 1399 687 tamen
1423 652 1464 687 ut
1491 649 1713 686 referantur
1738 649 1827 699 ipsa
1855 653 2035 688 votorum

217 712 396 752 earmina
420 722 643 761 nomenque
658 710 830 750 addatur
842 710 926 748 eius
941 709 1008 759 qui
1022 720 1179 747 carmen
1194 711 1413 760 praeierat:
1441 712 1513 750 sub
1530 711 1707 749 Traiano
1724 716 1875 760 contra,
1888 711 2034 750 Hadri-

216 786 307 824 ano,
348 774 552 813 Antonino
590 773 687 811 Pio.
711 773 951 812 carminibus
991 772 1147 811 omissis
1190 773 1423 824 simpliciter
1462 778 1641 811 votorum
1682 773 2035 823 nuncupandorum

216 849 339 876 causa
365 836 598 875 convenisse
625 834 810 875 dicuntur
836 835 1018 874 Arvales.
1047 859 1095 864 -—
1122 835 1184 874 De
1212 837 1311 875 actis
1341 836 1415 874 sub
1442 837 1493 873 M.
1520 836 1688 874 Aurelio
1721 837 1910 885 exaratis,
1938 848 2035 886 quo-

215 910 301 939 rum
327 910 461 949 pauca
485 899 709 948 fragmenta
736 901 959 947 supersunt,
987 896 1084 935 nihil
1112 898 1208 936 certi
1236 899 1433 937 affirmare
1460 898 1572 937 licet:
1600 911 1687 937 cum
1708 904 1838 938 autem
1858 899 2035 937 carmina

216 959 346 1001 relata
370 951 492 1000 fuisse
519 972 570 999 ex
594 960 769 1011 reliquiis
798 971 931 998 eorum
957 960 1123 1006 eluceat,
1150 964 1286 1010 partes
1317 973 1473 1012 qnoque
1501 973 1602 1011 quae
1625 962 1924 1011 praecedebant
1951 962 2034 1012 ple-

213 1025 303 1075 nius
346 1023 529 1063 videntur
571 1027 791 1073 conceptae
835 1022 971 1061 fuisse.
1026 1023 1291 1073 Temporibus
1341 1025 1511 1075 denique
1560 1024 1768 1062 Commodi
1813 1028 1854 1062 et
1897 1023 2036 1064 Severi

215 1086 438 1126 Alexandri
465 1085 612 1124 omisso
639 1086 811 1124 carmine
839 1085 999 1124 nomina
1023 1091 1280 1125 recensentur
1310 1087 1487 1136 deorum,
1517 1088 1659 1138 quibus
1697 1092 1788 1127 vota
1819 1088 2035 1136 solvuntur,

213 1150 375 1198 additis,
401 1153 446 1189 nt
470 1148 554 1187 fieri
582 1148 697 1196 solet,
726 1148 895 1187 victimis
914 1148 1136 1188 immolatis.

315 1213 379 1252 De
394 1211 563 1262 singulis
576 1213 672 1249 noto
686 1209 797 1250 haec.
830 1210 988 1250 Nomen
1002 1213 1085 1251 eius
1107 1213 1173 1263 qui
1188 1213 1364 1251 earmina
1378 1214 1557 1251 votorum
1572 1214 1785 1263 praeiisset
1800 1213 2033 1252 adnotatum

214 1288 303 1316 esse
312 1275 482 1314 diximus
493 1278 585 1313 ante
593 1278 763 1313 aetatem
772 1274 1007 1313 Domitiani:
1022 1275 1168 1324 legitur
1175 1275 1295 1314 etiam
1304 1276 1346 1314 in
1361 1276 1460 1314 actis
1471 1275 1563 1314 anni
1571 1277 1633 1325 81,
1643 1276 1833 1315 omittitur
1841 1277 1920 1315 iam
1928 1287 2035 1315 anno

216 1341 277 1378 86.
302 1339 366 1378 De
380 1350 423 1377 re
437 1339 488 1377 ef.
502 1338 692 1388 imprimis
710 1337 867 1376 Plinius
884 1338 935 1388 (u.
951 1338 985 1375 h.
1000 1338 1064 1386 28,
1076 1338 1154 1387 11):
1174 1342 1357 1376 victimam
1372 1340 1477 1376 caedi
1489 1342 1565 1376 sine
1573 1342 1789 1388 precatione
1803 1352 1878 1376 non
1892 1340 2035 1377 videnu-

212 1403 351 1452 reserre
365 1402 521 1439 azatdcos
533 1404 602 1438 rite
616 1401 765 1439 consuli.
771 1407 969 1451 praeterea
977 1401 1054 1437 alia
1068 1407 1151 1438 sunt
1166 1401 1277 1438 verba
1291 1404 1481 1450 impeti-itia,
1499 1403 1577 1439 alia
1593 1403 1824 1451 depulsoriis‚
1840 1403 1919 1439 alia
1936 1414 2033 1439 com-

212 1465 454 1502 mendationis
478 1465 710 1513 videmusque
736 1467 842 1501 certis
863 1464 1139 1513 precationibus
1157 1464 1363 1502 obsecrasse
1380 1478 1539 1503 summos
1559 1468 1793 1515 maqistratus
1811 1472 1842 1502 et
1867 1477 1912 1502 ne
1930 1466 2034 1514 quod

213 1528 405 1566 verborum
431 1533 681 1576 praetereatur
706 1533 770 1564 aut
790 1533 1074 1576 praeposterum
1101 1528 1258 1572 dicatur,
1292 1529 1336 1564 de
1363 1531 1499 1577 scripto
1528 1530 1681 1577 praeire
1708 1529 1865 1577 aliquem.
1890 1539 2033 1565 wreus-

215 1603 285 1640 que
309 1591 422 1628 alium
449 1590 634 1627 custodem
662 1590 748 1626 dari
774 1592 839 1640 qm·
865 1590 1031 1627 attendat
1057 1594 1152 1636 cet.;
1183 1601 1366 1639 quaeque
1395 1602 1419 1627 a
1444 1589 1612 1628 Marinio
1653 1590 1707 1639 (p.
1740 1592 1827 1638 110)
1860 1594 1901 1628 et
1929 1590 2034 1629 Prel-

212 1653 298 1692 lero
324 1651 390 1703 (R.
415 1653 472 1690 M.
498 1664 539 1702 p.
570 1651 660 1700 125)
701 1652 871 1691 citantur
912 1651 1185 1702 precationum
1227 1663 1274 1690 ac
1316 1652 1571 1690 devotionum
1604 1653 1797 1701 exempla.
1825 1674 1878 1680 --
1902 1653 2035 1692 Annis

217 1718 291 1763 101
319 1720 361 1754 et
388 1716 461 1754 105
491 1715 662 1754 Arvales
690 1726 769 1753 non
794 1715 1064 1753 immolarunt:
1094 1715 1291 1754 sacrificia
1320 1720 1451 1754 antem
1481 1726 1568 1752 cum
1597 1726 1676 1752 non
1702 1715 1843 1754 fierent
1880 1727 1929 1754 ea
1970 1716 2034 1754 die

215 1779 293 1818 nisi
317 1782 499 1817 votorum
525 1777 804 1816 solvendorum
832 1789 966 1826 causa,
993 1778 1093 1816 haec
1121 1778 1304 1818 videntur
1324 1782 1405 1817 tum
1427 1778 1557 1816 soluta
1576 1789 1653 1815 non
1671 1788 1776 1826 esse,
1796 1790 2035 1829 quamquam

215 1853 267 1880 ex
293 1842 463 1881 formula
489 1844 680 1879 consueta
706 1840 758 1879 ad
795 1840 987 1878 solvenda.
1028 1845 1123 1878 vota
1162 1841 1391 1879 sacerdotes
1421 1840 1605 1878 dicuntur
1644 1841 1889 1879 convenisse.
1944 1841 2034 1880 Nee

217 1903 411 1943 sacrificia
435 1903 505 1943 illa
530 1903 729 1954 quomodo
756 1903 1017 1954 praetermitti
1042 1905 1256 1953 potuerint,
1284 1902 1465 1953 equidem
1493 1902 1705 1952 perspicio,
1735 1903 1810 1940 nisi
1846 1904 1946 1943 forte
1975 1904 2032 1942 di·

217 1965 385 2005 cendum
412 1970 475 2005 est
503 1966 739 2005 translatam
765 1966 804 2004 in
832 1977 976 2004 anuum
1004 1970 1232 2016 sequentem
1260 1972 1444 2004 votorum
1472 1965 1705 2002 solutionem
1734 1966 1785 2003 ob
1813 1967 2033 2004 absentiam

214 2029 406 2080 principis
433 2029 603 2079 profecti
628 2029 799 2068 fortasse
827 2029 906 2068 iam
937 2029 989 2067 ad
1015 2029 1161 2067 bellum
1187 2029 1309 2068 Dacis
1337 2027 1594 2065 inferendum.
1643 2026 1830 2066 Similiter
1857 2041 1961 2067 anno
1981 2030 2031 2068 89

215 2091 266 2131 de
292 2092 529 2143 nuncupatis
558 2092 654 2130 solis
682 2092 785 2130 votis
825 2093 966 2141 agitur.
1032 2092 1235 2142 Tempora
1275 2095 1404 2130 autem
1441 2091 1474 2127 si
1500 2090 1724 2140 respexeris
1766 2091 2032 2141 formulasque

214 2155 335 2195 aetati
361 2155 612 2194 Domitianae
646 2155 846 2205 proprias,
878 2156 920 2193 in
954 2154 1054 2193 actis
1081 2155 1161 2193 illis
1189 2154 1369 2204 quamvis
1396 2152 1587 2191 breviatis
1627 2153 1695 2190 vix
1737 2153 1924 2191 credibile
1952 2154 2031 2192 vic-

214 2218 332 2258 timas
357 2217 581 2258 immolatas
609 2221 868 2267 votorumque
895 2218 1130 2256 solutionem
1157 2218 1242 2255 sine
1271 2228 1394 2256 causa
1421 2216 1577 2254 silentio
1596 2216 1901 2266 praetermissas
1930 2227 2031 2254 esse.

215 2281 303 2319 Iam
330 2292 424 2319 vero
452 2293 554 2332 quae
582 2293 633 2319 ex
661 2281 761 2319 actis
790 2281 882 2318 anni
909 2282 959 2318 89
985 2273 1212 2330 supersunt,
1252 2291 1302 2318 ea
1343 2290 1491 2328 magna
1519 2290 1568 2315 ex
1595 2282 1710 2328 parte
1738 2278 1789 2315 ad
1816 2278 2033 2316 Domitiani

216 2343 509 2394 expeditionem
538 2347 607 2382 aut
634 2342 844 2383 Suebicam
872 2346 914 2381 et
930 2342 1191 2382 Sarmaticam
1219 2346 1288 2380 aut
1305 2342 1497 2380 Dacicam
1524 2340 1723 2390 pertinent
1748 2340 2031 2391 victoriamque

215 2405 298 2444 eius
325 2410 367 2444 et
390 2405 559 2445 reditum
588 2407 805 2446 celebrant.
860 2405 977 2443 Afuit
1001 2405 1123 2455 igitur
1148 2405 1416 2454 Domitianus,
1443 2416 1531 2443 cum
1559 2415 1663 2442 anno
1690 2405 1740 2441 89
1766 2408 1861 2442 vota
1901 2416 2033 2442 annua

219 2468 538 2519 conciperentur:
579 2473 623 2508 ut
658 2468 691 2507 si
716 2480 760 2507 re
801 2479 897 2506 vera
937 2472 1019 2506 tum
1058 2479 1129 2505 nec
1171 2472 1264 2505 vota
1308 2468 1439 2505 soluta
1479 2479 1551 2504 nec
1585 2466 1767 2504 victimae
1806 2467 2031 2506 immolatae

218 2535 321 2580 sunt,
349 2531 534 2570 absentia
560 2531 752 2582 principis
780 2530 953 2580 bellique
980 2530 1197 2580 periculum
1225 2529 1409 2568 videatur
1435 2541 1560 2568 causa
1585 2529 1717 2566 fuisse.
1759 2527 1874 2566 Licet
1901 2533 2031 2567 autem

218 2594 319 2632 actis
347 2594 437 2631 anni
466 2594 516 2631 89
542 2593 752 2631 videantur
792 2592 1014 2631 confirmari
1054 2604 1103 2630 ea
1143 2603 1245 2642 quae
1286 2591 1335 2629 de
1362 2591 1476 2630 annis
1507 2592 1578 2629 101
1608 2595 1648 2629 et
1679 2592 1750 2628 105
1779 2591 2030 2638 coniecimus,

140 2683 145 2685 -
215 2660 349 2695 tamen
375 2668 454 2694 non
481 2655 694 2694 tacendum
721 2660 783 2694 est
809 2654 972 2694 Traiani
999 2654 1293 2704 expeditionem
1308 2654 1501 2692 Dacicam
1529 2653 1700 2703 priorem
1728 2652 1805 2702 ipsi
1833 2665 1936 2691 anno
1958 2655 2028 2691 101

207 2718 349 2767 nibai,
382 2719 546 2757 alteram
591 2729 695 2757 anno
740 2718 895 2756 demum
938 2717 1011 2756 105
1052 2717 1250 2767 inceptam
1294 2727 1382 2754 esse
1424 2716 1491 2766 (cf.
1519 2714 1737 2763 Eekhe16‚
1764 2715 1840 2752 414
1868 2720 1908 2753 et
1933 2717 2030 2763 4183

216 2780 433 2818 Mommsen
459 2780 512 2819 ad
541 2781 580 2819 C.
607 2782 643 2818 Ι.
670 2781 720 2819 L.
748 2782 785 2829 3,
812 2779 917 2828 550).
974 2779 1204 2819 Ostendant
1227 2783 1437 2829 praeterea
1462 2779 1554 2828 ipsa
1579 2777 1787 2815 Arvalium
1819 2782 1909 2815 acta
1936 2782 2030 2816 vota

217 2842 330 2881 annis
357 2842 435 2881 illis
462 2855 535 2893 pro
563 2842 692 2882 reditu
721 2844 763 2881 et
789 2842 958 2880 victoria
985 2842 1149 2881 Traiani
1177 2846 1373 2892 concepta
1407 2841 1607 2879 mensibus
1637 2840 1790 2877 demum
1816 2839 1957 2877 Martio
1991 2845 2032 2877 et

215 2905 334 2944 Iunio
361 2906 591 2955 nuncupata
615 2917 717 2954 esse,
746 2917 930 2955 annoque
960 2906 1033 2944 105
1062 2905 1115 2943 ad
1142 2909 1235 2943 vota
1264 2916 1337 2954 pro
1377 2904 1507 2942 reditu
1548 2903 1743 2942 accedunt
1780 2901 1896 2939 etiam
1936 2905 2031 2940 vota

215 2978 291 3017 pro
316 2967 374 3006 itn
401 2966 563 3005 Traiani
590 2971 804 3018 concepta:
843 2966 948 3005 uude
988 2966 1095 3004 haud
1136 2967 1220 3005 scio
1259 2978 1314 3005 an
1350 2978 1439 3005 cum
1466 2966 1600 3016 aliqua
1626 2962 1907 3015 probabilitate
1937 2964 2029 3011 poni

215 3029 345 3079 possit
386 3040 521 3068 mense
563 3029 751 3069 Ianuario
796 3029 954 3068 ineunte
996 3029 1275 3079 imperatorem
1313 3028 1391 3066 iam
1434 3029 1484 3068 ab
1532 3028 1628 3065 urbe
1667 3026 1824 3064 afuisse.
1886 3025 2029 3063 Possis

215 3091 332 3130 etiam
377 3092 556 3142 cogitare
602 3091 650 3130 de
695 3091 935 3130 caerimonia
978 3091 1048 3129 illa
1090 3090 1250 3140 piaculo
1294 3090 1429 3141 aliquo
1474 3090 1692 3138 interrupta
1736 3093 1775 3126 et
1818 3090 2031 3137 propterea

216 3152 365 3192 omissa
419 3153 491 3192 sed
544 3165 672 3204 neque
725 3154 933 3205 probabile
982 3153 1023 3191 in
1075 3164 1218 3191 aunum
1272 3156 1499 3203 sequentem
1562 3151 1724 3189 dilatam
1781 3161 1871 3188 esse
1925 3149 2029 3187 solu-

216 3215 363 3254 tionem
407 3220 607 3267 votorum,
656 3229 757 3268 quae
802 3217 927 3267 primo
972 3215 1106 3268 potius
1152 3220 1331 3266 tempore
1379 3214 1597 3265 repetenda
1641 3216 1744 3261 erat,
1795 3213 2028 3262 praesertim

283 3287 423 3315 num.
446 3287 534 3314 acr-
1513 3305 1518 3309 .
1737 3275 1759 3319 7
