2340 3658
0 3501 11 3539 w
0 3335 2 3337 .
0 3102 9 3213 ..t

762 655 827 717 A.
907 653 1110 717 FASTI
1149 652 1435 716 IULIANI.

295 873 537 922 Fragmenta
561 870 661 910 haec
689 870 836 909 effossa
862 874 954 908 suut
980 868 1093 908 anuis
1123 867 1220 907 1867
1253 868 1351 906 1868
1382 868 1503 914 1869,
1529 866 1610 906 alia
1637 877 1762 917 prope
1789 865 2010 905 aedificium

193 934 425 982 rotundum,
459 934 539 973 alia
573 933 673 972 iuter
706 933 890 983 sepulcra
915 933 955 970 in
975 931 1077 970 colle
1106 931 1201 980 sita,
1237 930 1379 969 litteris
1406 929 1584 980 pulchris
1620 933 1660 967 et
1686 929 1841 979 maguis
1869 929 2011 967 aetatis

193 998 388 1049 Augusti,
423 996 613 1036 similibus
648 996 869 1047 scripturae
903 996 1095 1034 fastorum
1128 994 1450 1041 Maffeianorum,
1477 993 1546 1043 qui
1579 991 1682 1031 inter
1714 1003 1839 1030 annos
1867 991 1943 1030 746
1970 997 2010 1030 et

195 1061 269 1101 757
298 1073 335 1101 u.
366 1073 400 1101 c.
429 1061 583 1100 exarati
610 1062 702 1098 suut
728 1059 795 1110 (ef.
823 1061 1042 1099 Mommsen
1073 1058 1110 1096 C.
1139 1059 1173 1096 Ι.
1203 1058 1251 1095 L.
1281 1056 1302 1094 Ι
1330 1068 1369 1106 p.
1388 1056 1492 1105 294).

295 1123 590 1175 Descripsimus
618 1123 823 1162 Bormann
850 1128 891 1162 et
917 1133 1014 1172 ego:
1053 1120 1160 1159 edidi
1185 1120 1419 1170 particulam
1446 1119 1638 1157 fastorum
1666 1119 1810 1157 mensis
1838 1117 2010 1156 Novem·

193 1188 276 1227 bris
303 1187 344 1226 iu
377 1187 601 1226 Annalibus
630 1186 808 1225 Instituti
843 1184 1134 1234 archaeologici
1173 1182 1269 1222 1867
1305 1195 1343 1233 p.
1371 1183 1470 1230 295,
1504 1182 1729 1231 fragmenta
1764 1181 1895 1219 omnia
1921 1185 2013 1219 ante

195 1263 230 1290 a.
251 1252 350 1290 1869
389 1250 536 1288 effossa
569 1249 609 1287 in
637 1250 832 1287 Rezazione
858 1261 896 1299 p.
917 1249 978 1287 86.
997 1247 1066 1286 87ε
1101 1258 1231 1298 pauca
1267 1258 1368 1297 quae
1402 1251 1546 1296 postea
1579 1249 1854 1293 accesserunt,
1888 1244 2012 1283 tacite

194 1314 294 1353 locis
322 1313 404 1351 suis
431 1313 591 1351 inserui.
645 1312 886 1351 Litterarum
916 1311 1126 1361 imaginem
1153 1310 1344 1361 proposui
1369 1310 1409 1347 in
1437 1309 1632 1347 Relazione
1657 1309 1738 1347 tab.
1757 1309 1820 1346 3c.
1874 1306 2014 1357 Nuper

197 1377 328 1417 denuo
354 1376 520 1428 protulit
546 1381 584 1414 et
613 1375 828 1414 illustravit
852 1375 1126 1414 Mommseuus
1155 1373 1304 1424 Ephem.
1332 1376 1445 1423 epigr.
1477 1372 1575 1411 1872
1601 1383 1640 1422 p.
1659 1373 1710 1410 33
1726 1382 1838 1421 seqq.

298 1440 446 1480 Fastos
474 1439 637 1478 fratrum
659 1439 867 1477 Arvalium
895 1444 986 1477 ante
1016 1450 1049 1477 a.
1072 1436 1143 1476 767
1174 1436 1423 1487 conscriptos
1451 1447 1539 1474 esse
1567 1440 1607 1473 et
1630 1447 1676 1473 eo
1708 1438 1881 1485 apparet
1907 1434 2015 1485 qnod

195 1504 311 1544 ludos
346 1515 426 1542 nou
460 1505 689 1553 agnoscunt
730 1501 820 1540 divo
854 1503 1041 1551 Augusto
1077 1503 1118 1539 et
1150 1500 1352 1538 Fortunae
1387 1499 1525 1537 reduci
1557 1509 1690 1537 mense
1718 1497 1884 1537 Octobri
1910 1498 2013 1536 cele·

195 1568 354 1616 bmtos,
390 1577 489 1617 quos
524 1566 564 1604 in
595 1566 724 1605 fastos
752 1565 898 1603 relatos
927 1576 1014 1603 esse
1042 1568 1201 1603 constat
1227 1567 1318 1613 post
1344 1566 1504 1600 mortem
1532 1561 1716 1601 Caesaris
1746 1560 1918 1610 Augusti
1947 1560 2014 1611 (ef.

197 1632 416 1670 Mommsen
449 1629 487 1668 C.
512 1629 546 1667 Ι.
566 1629 617 1667 L.
647 1628 669 1667 I
696 1640 735 1678 p.
752 1629 865 1678 404),
892 1633 933 1667 et
959 1627 1067 1678 quod
1094 1627 1145 1675 is,
1174 1626 1409 1676 ubicumque
1438 1625 1657 1663 nominatur
1683 1628 1750 1663 aut
1777 1626 2013 1674 ὑψῶν-αῖον)

198 1694 337 1733 Caesar
369 1690 502 1742 (Sept.
523 1691 564 1742 2)
591 1696 661 1730 aut
692 1692 831 1731 Caesar
857 1692 1044 1742 Auyustus
1071 1689 1198 1741 (Sept.
1218 1689 1259 1739 3)
1291 1695 1361 1729 aut
1391 1691 1627 1739 ὑψῶν-αῖον)
1668 1688 1806 1727 Caesar
1831 1688 2018 1737 Anastasius

192 1759 363 1808 pontifex
384 1758 567 1793 maximas
593 1753 722 1805 (Sept.
741 1754 809 1805 23)
838 1755 991 1803 dicitur,
1019 1759 1063 1792 ut
1086 1754 1126 1791 in
1155 1753 1252 1791 vivis
1281 1753 1479 1792 etiamtum
1507 1752 1629 1789 fuisse
1655 1750 1919 1799 intellegatur.
1960 1752 2020 1789 At

197 1819 313 1858 incisi
340 1824 432 1857 sunt
457 1824 551 1868 post
579 1829 728 1857 anuum
757 1817 852 1866 742,
886 1829 965 1868 quo
991 1817 1171 1868 pontifex
1197 1816 1390 1854 maximus
1416 1816 1625 1864 Augustus
1653 1814 1781 1851 factus
1809 1818 1881 1850 est.
1938 1813 2016 1851 Fa-

199 1881 363 1922 ciendos
391 1893 460 1920 eos
489 1881 641 1919 curavit
668 1881 863 1930 magister
891 1880 1051 1931 quidam
1077 1880 1241 1918 fratrum
1268 1878 1483 1918 Arvalium.
1523 1879 1588 1916 Ex
1614 1875 1744 1915 indic-e
1772 1886 1901 1915 autem
1929 1887 2016 1915 cum

199 1947 433 1985 remaneant
458 1943 577 1983 haec:

723 2006 815 2055 MP
835 2006 1006 2056 -MAG
1026 2005 1229 2054 -FRAT
1249 2003 1500 2053 -ARVAL

198 2077 436 2117 vocabulum
463 2080 592 2114 autem
622 2075 874 2126 imperatoris
901 2075 1040 2114 ultimo
1066 2074 1157 2112 loco
1182 2074 1355 2124 positum
1383 2083 1456 2110 uec
1484 2071 1536 2110 ad
1559 2070 1773 2110 Caesarem
1792 2071 2017 2121 Augustum

197 2151 271 2179 uec
305 2139 358 2178 ad
393 2139 594 2179 Tiberium
621 2123 760 2177 referri
787 2139 934 2189 possit,
969 2149 1042 2176 nec
1069 2142 1163 2188 post
1191 2135 1445 2177 constitutam
1475 2146 1579 2173 anuo
1608 2133 1679 2172 727
1710 2146 1790 2172 rem
1819 2133 2019 2184 publicam

198 2203 382 2243 videatur
426 2213 660 2242 concessum
706 2213 794 2240 esse
845 2202 921 2239 nisi
962 2201 1144 2251 proxime
1187 2198 1407 2239 coniunctis
1452 2210 1539 2236 cum
1587 2197 1703 2235 domo
1753 2197 2020 2248 imperatoria,

198 2265 470 2305 Mommsenus
499 2265 777 2305 Germanicum
808 2264 1024 2304 Caesarem
1059 2263 1191 2314 operis
1226 2257 1425 2302 auctorem
1460 2261 1587 2299 fuisse
1616 2260 1765 2300 statuit.
1820 2260 1939 2309 Quod
1964 2261 2018 2298 vi-

201 2329 317 2369 detur
344 2336 451 2368 recte
479 2329 637 2368 fecisse.
677 2327 925 2378 Quamquam
953 2327 1054 2365 enim
1074 2326 1239 2365 Tacitus
1267 2325 1380 2374 (Anu.
1400 2326 1437 2372 3,
1459 2324 1526 2374 74)
1552 2324 1594 2362 id
1622 2325 1857 2363 vocabulum
1877 2336 1902 2363 a
1919 2323 2019 2363 Cae-

200 2403 292 2431 sare
313 2394 501 2441 Augusto
529 2390 766 2442 quibusdam
795 2390 929 2428 datum
958 2394 998 2427 et
1023 2394 1266 2439 postremum
1294 2389 1412 2428 etiam
1439 2400 1465 2428 a
1483 2387 1646 2427 Tiberio
1673 2398 1906 2426 concessum
1929 2379 2023 2425 esse

205 2460 342 2494 narrat
369 2454 486 2493 Iunio
514 2454 664 2493 Blaeso
692 2452 827 2493 Seiani
855 2452 1061 2501 avunculo,
1090 2451 1129 2489 iu
1162 2451 1487 2502 inscriptionibus
1521 2456 1652 2489 tamen
1683 2450 1828 2500 privati
1854 2450 2020 2500 impera·

200 2523 310 2557 tores
342 2529 422 2556 non
456 2521 813 2556 commemorantur
847 2515 923 2553 nisi
956 2517 1154 2566 prioribus
1196 2515 1310 2555 annis
1347 2513 1536 2553 Caesaris
1571 2513 1745 2562 Augusti
1787 2513 1850 2551 vel
1883 2513 2018 2563 potius

201 2585 333 2620 aetate
370 2580 631 2627 triumvirum,
665 2584 709 2617 ut
742 2579 902 2629 Appius
939 2578 1130 2618 Claudius
1160 2578 1337 2617 Pulcher
1368 2589 1451 2615 cos.
1480 2589 1515 2615 a.
1546 2575 1619 2615 716
1648 2578 1740 2626 (31.
1769 2578 1818 2614 N.
1846 2576 1949 2613 2404
1974 2590 2020 2605 =

203 2643 271 2683 Or.
294 2642 433 2692 3417);
470 2642 525 2681 Μ.
562 2642 718 2681 Nonius
747 2641 889 2680 Gallus
918 2653 1000 2681 008.
1031 2654 1068 2680 a.
1098 2641 1171 2680 718
1199 2641 1286 2690 (Or.
1314 2641 1417 2679 3419
1444 2640 1494 2678 cf.
1520 2638 1718 2688 Borghesi
1746 2653 1831 2689 opp.
1859 2640 1884 2676 4
1910 2650 1948 2687 p.
1970 2639 2021 2676 52

204 2707 317 2755 n.3);
361 2705 407 2745 C.
437 2705 638 2744 Calvisius
667 2703 841 2744 Sabinus
871 2716 952 2743 cos.
984 2716 1018 2742 a.
1051 2704 1124 2743 715
1152 2705 1203 2753 (Ι.
1230 2704 1282 2741 Ν.
1311 2704 1427 2749 6244,
1455 2701 1622 2740 Heuzen
1651 2699 1787 2750 6742);
1823 2701 1869 2740 Τ.
1899 2699 2022 2740 Stati-

202 2770 279 2809 lius
316 2768 473 2808 Taurus
511 2780 592 2806 cos.
628 2779 663 2806 a.
696 2766 770 2806 717
800 2775 842 2806 et
870 2766 943 2806 728
978 2767 1032 2815 (C.
1061 2768 1096 2805 Ι.
1125 2767 1174 2805 L.
1202 2769 1239 2815 2,
1267 2767 1405 2817 3556);
1445 2765 1492 2813 Q.
1527 2764 1726 2802 Laronius
1759 2775 1839 2802 cos
1875 2774 1909 2801 a.
1946 2762 2018 2800 721

206 2831 395 2883 (Heuzen
414 2831 551 2880 6743);
579 2830 629 2869 cf.
658 2831 855 2868 Relazione
881 2842 919 2880 p.
941 2831 1002 2869 84.
1057 2829 1147 2879 Quo
1173 2830 1294 2879 igitur
1319 2834 1496 2879 tempore
1526 2826 1616 2865 fasti
1641 2826 1846 2864 Arvalium
1866 2825 2021 2864 exarati

205 2900 311 2944 sunt,
338 2894 520 2945 exceptis
549 2894 610 2943 iis,
638 2894 704 2943 qui
732 2893 851 2931 rebus
879 2898 1115 2943 praeerant,
1149 2892 1214 2930 vix
1248 2893 1353 2931 ullus
1380 2892 1481 2930 alius
1507 2889 1756 2940 imperatoris
1785 2888 1932 2927 honore
1961 2901 2020 2927 or-

204 2964 320 2998 natus
360 2957 554 3008 superfuit
587 2961 746 3007 praeter
782 2955 1061 2994 Germanicum
1100 2954 1318 2994 Caesarem
1353 2955 1628 3005 imperatorem
1667 2952 1910 3002 appellatum
1946 2952 2021 3001 bis,

203 3021 271 3072 qui
303 3021 393 3060 vivo
433 3020 634 3059 etiamtmu
673 3022 858 3070 Augusto
893 3019 993 3057 inter
1031 3019 1201 3056 Arvales
1239 3022 1450 3068 cooptatus
1478 3022 1564 3055 erat
1589 3015 1655 3067 (cf.
1690 3027 1723 3053 a.
1747 3013 1823 3064 14).
1879 3014 2022 3065 Itaque

204 3084 300 3123 satis
329 3089 478 3123 certum
503 3082 658 3122 videtur
684 3083 761 3133 ipsi
789 3082 1030 3122 Germanico
1057 3081 1321 3132 extremisque
1350 3080 1524 3129 Augusti
1552 3079 1667 3117 annis
1698 3077 1773 3116 hos
1801 3078 1928 3117 fastos
1954 3077 2021 3117 tri-

204 3146 385 3186 buendos
412 3157 514 3185 esse.
569 3146 858 3197 Excipiendum
882 3150 1013 3185 tamen
1033 3155 1124 3184 esse
1142 3144 1319 3194 Augusti
1338 3154 1483 3182 aunum
1502 3147 1744 3193 postremum
1765 3145 1873 3180 reete
1891 3145 2023 3180 monet

204 3209 468 3248 Mommsenus
499 3209 539 3259 (l.
569 3211 646 3256 c.):
682 3221 785 3247 auno
821 3209 923 3247 enim
954 3210 1003 3246 14
1033 3206 1245 3247 Cornelius
1275 3206 1471 3245 Lentulus
1506 3204 1733 3254 magisterio
1766 3204 1923 3242 functus
1960 3209 2023 3242 est

206 3271 272 3322 (ef.
300 3284 335 3312 a.
358 3271 436 3324 14).
493 3270 767 3310 Germanicum
787 3276 916 3310 autem
934 3269 1155 3321 putandum
1174 3273 1237 3309 est
1254 3269 1343 3309 vivo
1363 3272 1547 3321 Augusto
1567 3267 1729 3319 primum
1750 3265 2023 3318 imperatorem
