2340 3658
331 153 415 196 200
1157 154 1310 189 Privati.

379 268 506 302 matris
541 267 735 304 Corneliae
764 268 964 304 Severinae
998 271 1035 304 et
1066 270 1192 306 uxoris

380 326 533 362 Etriliae
574 326 686 362 Afrae
720 330 804 362 sunt
837 327 872 362 C.
900 326 931 362 I.
958 327 998 361 L.
1027 329 1066 370 2,
1101 329 1193 365 2074

381 385 484 422 2077.

334 455 367 478 ι.
410 455 626 479 νΕΝνιΕινε
676 455 892 479 mou-muvs
941 456 1191 480 ArnomAst

381 502 494 538 frater
511 501 660 537 Arvalis
686 503 732 538 80
756 503 802 538 86
827 503 871 538 87
898 503 943 537 89
961 504 1007 540 90
1027 505 1071 539 91
1092 504 1192 538 Dom.

381 562 411 594 A
438 561 490 602 B;
524 561 700 605 magister
734 561 882 606 collegii
909 562 974 605 803
1007 572 1086 597 cos.
1125 562 1193 597 suf.

381 631 413 654 a.
438 621 484 655 92
510 629 589 653 cum
618 619 659 663 Q.
687 619 846 655 Volusio
875 619 1073 656 Saturnino
1101 620 1196 665 (VII

381 678 413 712 k.
440 677 575 721 Maias)
602 678 660 713 91.
1090 719 1091 722 ¹

335 748 368 770 1..
402 747 590 771 vERArivs
627 748 856 779 QVADRATVS
897 738 1010 772 frater
1044 736 1194 772 Arvalis

382 795 437 831 78.
503 793 604 838 Vesp.
639 795 671 829 Λ
696 795 750 832 ⁷80
782 796 864 839 (ubi
885 806 1025 837 ,errore
1060 795 1195 831 dicitur

389 854 498 895 Titus)
536 853 580 889 81
616 854 660 889 86
693 854 737 890 87
771 855 815 890 89
847 853 972 891 90”91.
1023 855 1125 888 Dom.
1155 853 1198 897 C,-

386 912 564 956 magister
589 912 720 947 iterum
747 915 804 949 91.

338 983 372 1006 1..
398 982 614 1006 VERGINIVS
643 983 761 1006 ervs
790 982 866 1007 cos.
893 973 932 1008 II
958 973 1026 1009 suf.
1054 983 1135 1008 cum
1151 973 1195 1007 L.

382 1030 566 1076 Pompeio
593 1030 763 1077 Vopisco
790 1033 822 1066 lc.
850 1032 958 1067 Mart.
986 1034 1042 1069 69.
1075 1031 1196 1068 Natus

386 1092 442 1124 est
468 1099 500 1124 a.
528 1090 584 1131 15,
611 1100 690 1125 cum
710 1101 741 1127 a.
762 1092 806 1127 97
833 1101 965 1125 annum
991 1091 1139 1126 tertium
1158 1094 1197 1126 et

384 1149 678 1193 octogensimum
706 1150 918 1184 excessisse
935 1149 1079 1185 dicatur
1100 1151 1196 1187 Plin.

381 1218 434 1251 ep.
460 1208 494 1249 2,
523 1207 555 1249 1,
581 1207 620 1249 4;
654 1207 829 1243 oriundus
857 1219 903 1243 ex
930 1209 1129 1255 municipio
1156 1208 1195 1242 fi-

382 1265 510 1313 nitimo
538 1265 712 1302 Comensi
739 1269 788 1304 id.
820 1268 852 1310 2,
887 1269 918 1310 1,
952 1269 992 1309 8;
1034 1267 1197 1313 equestri

385 1324 536 1367 familia,
570 1325 696 1370 ignoto
730 1329 834 1373 patre
865 1327 943 1360 Tac.
970 1328 1053 1361 hist.
1081 1327 1112 1369 1,
1132 1327 1196 1369 52;

385 1403 429 1408 -
456 1394 533 1418 cos.
561 1394 592 1418 a.
618 1385 664 1419 63
690 1395 770 1420 cum
798 1385 836 1421 G.
857 1385 1028 1420 Memmio
1053 1385 1198 1430 Regulo

386 1442 422 1479 G.
448 1441 478 1479 Ι.
503 1443 544 1476 L.
570 1444 604 1486 6,
630 1443 698 1480 397
717 1460 761 1474 =
783 1443 842 1480 Or.
869 1445 978 1485 1683,·
996 1443 1196 1489 —legatus

388 1502 608 1537 Germaniae
648 1503 850 1549 superioris
881 1514 914 1537 a.
953 1504 997 1539 69
1032 1505 1070 1537 C.
1106 1502 1197 1537 Iulio

386 1560 546 1596 Vindice
572 1562 669 1597 victo
704 1561 896 1608 imperium
929 1562 999 1596 sibi
1032 1561 1197 1596 oblatum

383 1620 572 1655 recusavit
612 1620 692 1656 Tac.
726 1621 806 1655 hist.
839 1621 877 1662 1,
916 1621 956 1662 8,
997 1621 1061 1661 52,·
1099 1621 1195 1655 Plut.

389 1680 492 1715 Gacb.
512 1680 550 1721 6;
577 1680 675 1713 Ptin.
694 1690 746 1724 ep.
765 1679 798 1721 2,
825 1679 857 1720 1,
885 1679 925 1719 2;
955 1680 986 1719 6,
1015 1681 1069 1721 10,
1095 1680 1137 1721 4;
1164 1681 1197 1722 9,

386 1739 442 1781 19,
470 1739 509 1781 1;
542 1739 609 1772 Dio
635 1739 691 1781 63,
717 1738 764 1774 24
793 1738 858 1780 25;
890 1738 1021 1774 titulus
1051 1751 1115 1783 pro
1141 1752 1198 1773 sa-

389 1797 460 1832 lute
486 1804 518 1832 et
542 1799 690 1832 victoria
716 1797 795 1832 eius
822 1797 967 1843 positus
987 1797 1034 1832 ad
1052 1801 1198 1844 tempus

390 1855 505 1891 oblati
529 1856 674 1902 imperii
700 1856 862 1902 pertinet
881 1857 922 1891 0.
938 1855 969 1891 I.
984 1857 1026 1900 L,
1043 1858 1076 1898 5,
1090 1857 1195 1898 5702ς

394 1933 436 1940 -
465 1914 609 1950 Galbae
652 1916 903 1962 suspicionem
947 1916 1065 1950 evasit
1105 1916 1202 1951 Plut.

393 1974 510 2007 Galba
544 1974 608 2016 1Ο;
651 1975 733 2009 Tac.
761 1975 842 2008 hist.
877 1975 909 2016 1,
939 1974 961 2009 8
989 1975 1051 2016 52;
1078 1975 1111 2017 3,
1139 1976 1201 2017 62;

386 2033 457 2066 Dio
490 2032 546 2074 64,
582 2032 624 2073 4,·
667 2033 712 2068 cf.
751 2033 846 2068 Plin.
877 2043 927 2076 ep.
954 2033 987 2075 2,
1022 2035 1053 2075 1,
1085 2035 1124 2075 3;
1158 2053 1200 2058 -

390 2090 549 2127 Othonis
575 2093 704 2138 partes
731 2094 881 2126 secutus
907 2095 996 2137 post
1021 2092 1200 2138 proelium

387 2149 631 2185 Betriacense
658 2151 850 2196 imperium
867 2151 997 2186 iterum
1017 2152 1202 2187 recusavit

392 2209 471 2242 Tac.
508 2210 587 2244 hist.
616 2210 654 2252 2,
693 2210 740 2246 49
776 2210 841 2252 51;
875 2229 918 2235 —-
952 2210 1131 2245 Vitellius
1167 2211 1200 2245 ei

387 2267 560 2313 pepercit
587 2268 609 2302 l.
636 2281 662 2303 c.
688 2272 720 2311 2,
747 2270 811 2311 68;
838 2269 884 2304 cf.
912 2270 1003 2303 Plin.
1031 2281 1080 2313 ep.
1107 2270 1140 2312 2,
1169 2271 1199 2312 1,

385 2326 418 2361 3.
444 2346 487 2351 -
516 2326 704 2362 Sacerdos
734 2328 833 2364 Ptin.
867 2339 920 2373 ep.
955 2329 988 2369 2,
1021 2329 1053 2369 1,
1086 2328 1124 2370 8;
1157 2348 1199 2352 -

390 2386 490 2419 tutor
514 2384 629 2420 Plinii
661 2389 696 2420 et
729 2386 851 2421 fautor
878 2388 899 2421 l.
927 2399 955 2421 c.
981 2407 1025 2411 —
1052 2386 1199 2422 Gratias

387 2445 534 2478 acturus
561 2443 597 2478 in
625 2448 756 2480 senatu
771 2445 808 2479 in
826 2444 988 2480 ineundo
1008 2445 1201 2480 consulatu

386 2502 495 2537 tertio
522 2513 552 2537 a.
569 2504 613 2539 97
639 2503 811 2538 kalendis
837 2503 1018 2539 Ianuariis
1045 2505 1081 2539 in
1101 2505 1202 2540 curia

387 2559 526 2595 cecidit
553 2563 591 2596 et
616 2572 711 2597 coxa
737 2562 854 2597 fracta
885 2562 1075 2609 aliquanto
1102 2567 1200 2609 post,

386 2619 589 2665 imperante
623 2621 812 2656 etiamtum
840 2620 982 2664 Nerva,
1021 2632 1054 2655 a.
1081 2621 1138 2664 97,
1163 2624 1202 2655 ut

387 2677 543 2720 videtur,
579 2683 737 2715 exeunte
772 2679 867 2714 obiit
893 2680 914 2713 l.
941 2692 967 2714 c.
995 2681 1028 2715 5.
1077 2680 1120 2714 In
1147 2680 1200 2714 ul-

386 2737 474 2772 tima
486 2737 698 2773 valetudine
725 2750 747 2774 a
774 2738 1056 2784 quinqueviratu
1077 2749 1199 2784 sump-

387 2799 489 2830 tuum
531 2797 765 2842 publicorum
815 2796 1093 2832 minuendorum
1134 2808 1201 2843 per

387 2853 548 2889 Plinium
575 2866 615 2890 se
643 2855 836 2890 excusavit
862 2856 883 2889 l.
911 2868 937 2890 c.
967 2856 998 2891 9.
1040 2855 1199 2891 Publico

387 2912 515 2948 funere
550 2913 670 2948 elatus
710 2914 733 2950 l.
760 2926 787 2948 c.
822 2915 854 2956 1,
897 2913 1144 2960 laudatusque
1179 2925 1201 2949 a

387 2971 541 3006 consule
569 2972 743 3007 Cornelio
770 2972 902 3007 Tacito
931 2973 951 3008 ἰ.
971 2985 999 3006 c.
1025 2973 1059 3008 6.
1110 2972 1197 3008 Car-

388 3030 486 3065 mina
526 3030 605 3065 eius
645 3031 743 3066 Pan.
775 3043 826 3076 ep.
860 3032 892 3073 5,
927 3031 960 3074 3,
986 3031 1019 3068 5.
1069 3031 1198 3066 Monu-

387 3091 547 3124 mentum
573 3090 651 3125 eius
677 3090 715 3124 in
740 3089 829 3124 villa
854 3094 947 3136 quae
975 3089 1054 3124 eius
1082 3090 1200 3125 fuerat

389 3148 557 3183 Alsiensi
592 3158 672 3183 cum
715 3149 896 3195 inscripto
935 3149 1199 3195 epigrammate

388 3207 507 3253 ipsius
525 3209 575 3242 id.
596 3208 628 3249 6,
658 3209 711 3251 10,
737 3207 772 3252 43
799 3209 831 3251 9,
858 3208 914 3250 19,
930 3209 947 3242 1
967 3220 975 3248 ς
1010 3208 1079 3241 Dio
1097 3209 1153 3249 68,
1168 3209 1199 3244 2.

389 3264 442 3300 Cf.
457 3265 645 3301 Mommsen
660 3266 731 3300 ind.
741 3277 832 3301 nom.
848 3267 896 3301 ad
909 3266 1069 3301 Plinium
1080 3265 1201 3303 Keilii.

1290 282 1436 306 vanans
1464 281 1540 307 cos.
1576 272 1645 307 suf.
1683 283 1764 308 cum
1789 272 1835 308 A.
1860 275 1997 311 Larcio
2023 275 2146 311 Mace-

1337 329 1432 364 done
1459 340 1584 365 mense
1611 330 1710 366 Maio
1738 332 1817 367 122.

1289 399 1320 422 1..
1356 399 1524 423 vssr‘rws
1563 400 1730 424 mvnvs
1770 401 1846 425 cos.
1881 391 1949 427 suf.
1987 401 2068 426 cum
2103 391 2146 428 T.

1336 446 1441 481 Iunio
1477 446 1653 483 Montano
1696 459 1728 483 a.
1761 450 1804 485 81
1837 451 1870 486 k.
1905 450 2002 484 Mais
2039 463 2071 487 a.
2103 451 2147 487 81

1339 505 1407 547 8ος
1434 504 1532 538 XVI
1554 507 1586 541 k.
1617 506 1741 541 Iunias
1766 507 1835 548 81;
1860 507 1931 542 ΙΙΙ
1954 509 1985 542 k.
2011 508 2084 543 Iul.
2115 509 2149 544 0.

1340 561 1373 598 Ι.
1401 562 1441 596 L.
1461 564 1492 604 6,
1518 564 1589 599 328
1609 579 1652 594 ==
1674 566 1774 599 Grac.
1795 566 1849 609 50,
1877 567 1918 601 3:
1945 567 1984 602 cf
2009 567 2150 602 Marini

1335 634 1373 665 p.
1406 622 1486 657 217.
1537 621 1597 656 Ad
1633 632 1713 657 eum
1747 623 1826 658 sine
1865 635 1978 660 causa
2007 625 2151 661 rettulit

1340 680 1568 725 Borghesius
1592 692 1667 723 opp.
1693 683 1725 722 5,
1751 682 1820 717 533
1851 682 1955 718 locos
1981 682 2059 721 Iuv.
2084 691 2150 720 nat.

1340 739 1374 780 7,
1401 739 1487 779 143;
1517 739 1680 774 Martial.
1707 741 1739 782 8,
1765 740 1822 782 33,
1850 741 1870 775 1
1897 744 1935 776 et
1960 743 2015 785 10,
2041 743 2096 780 10.

1293 799 1340 841 [c.
1369 800 1509 842 viniv]s
1538 798 1716 841 MA[nsvs]
1736 808 1810 833 cos.
1831 799 1899 834 suf.
1915 810 1996 836 cum
2010 800 2053 836 L.
2074 801 2151 837 Vo-

1341 855 1458 890 luseio
1484 856 1646 891 Proculo
1683 867 1717 891 a.
1745 857 1788 892 17
1811 859 1907 902 fasti
1930 871 2040 905 may.,·
2056 860 2153 905 sacci

1339 914 1503 949 Antiates
1540 915 1573 950 Ο.
1601 911 1700 951 Ῑ.’Ῑ],
1730 916 1748 950 1
1776 927 1816 960 p.
1850 916 1930 953 475.
1981 916 2150 962 Legatus

1342 971 1550 1007 Germanici
1567 973 1604 1007 in
1623 974 1777 1016 oriente,
1798 978 1886 1020 post
1903 978 2055 1010 mortem
2073 976 2151 1011 eius

1341 1041 1421 1065 cum
1465 1032 1752 1075 consultaretur,
1804 1033 1972 1079 quisnam
2023 1033 2151 1080 Syriae

1340 1089 1626 1135 praeficeretur,
1670 1092 1861 1127 concessit
1911 1091 1976 1127 Gn.
2021 1092 2149 1128 Sentio

1341 1148 1539 1183 Saturnino
1574 1150 1710 1184 seniori
1749 1153 1786 1185 et
1823 1151 1944 1186 acrius
1981 1150 2178 1186 tendenti·

1344 1207 1424 1241 Tac.
1463 1220 1546 1242 ann.
1580 1208 1613 1250 2,
1646 1208 1705 1250 74;
1732 1228 1776 1234 --
1808 1209 1989 1244 nuntiavit
2018 1209 2151 1245 Pisoni

1339 1264 1492 1299 Romam
1529 1265 1576 1300 ad
1609 1265 1803 1302 dicendam
1834 1277 1985 1303 causam
2010 1267 2154 1303 veniret

1342 1324 1366 1357 l.
1394 1336 1421 1358 c.
1449 1324 1508 1367 79;
1538 1345 1579 1349 —
1606 1326 1794 1362 sententia
1821 1326 1867 1362 ab
1894 1337 1939 1362 eo
1964 1326 2040 1362 lata
2058 1337 2089 1363 a.
2108 1327 2153 1363 26

1343 1381 1388 1417 de
1427 1383 1565 1430 templo
1598 1383 1750 1420 Tiberio
1786 1384 1983 1421 statuendo
2017 1387 2039 1420 l.
2066 1398 2094 1422 c.
2118 1385 2153 1428 4,

1340 1442 1404 1484 563
1431 1461 1474 1467 —
1498 1453 1645 1488 procos.
1662 1443 1812 1479 Africae
1830 1454 1898 1490 per
1922 1454 2040 1480 annos
2063 1447 2152 1486 tres,

1339 1499 1515 1536 videlicet
1540 1502 1646 1537 annis
1664 1497 1819 1545 27-30,
1841 1502 2008 1548 Borykesi
2031 1502 2154 1536 decad.

1338 1572 1432 1593 num.
1449 1561 1503 1601 10,
1526 1560 1560 1603 4,
1587 1550 1664 1605 opp.
1680 1562 1699 1596 1
1721 1573 1759 1606 p.
1774 1561 1843 1597 473
1867 1572 1978 1606 seqq.;
1999 1559 2045 1595 cf.
2060 1561 2156 1594 Arm.

1342 1620 1423 1653 inst.
1446 1619 1540 1652 arch.
1558 1619 1648 1654 1856
1664 1632 1698 1662 p.
1719 1621 1780 1661 133
1805 1639 1838 1644 —
1867 1619 2011 1664 legatus
2023 1618 2156 1667 Syriae

1348 1677 1428 1713 Tac.
1455 1690 1536 1713 arm.
1564 1679 1619 1721 11,
1647 1679 1706 1720 103
1741 1689 1771 1712 a.
1799 1678 1845 1714 45
1871 1677 2025 1714 Cassius
2051 1678 2155 1713 Lon-

1345 1737 1451 1781 ginus
1489 1737 1525 1772 in
1563 1737 1682 1772 locum
1722 1737 1800 1772 eius
1838 1737 1982 1782 legatus
2019 1735 2156 1771 missus

1348 1796 1484 1841 Ioseph.
1520 1798 1550 1829 A
1588 1795 1619 1832 I.
1645 1797 1701 1839 20,
1731 1797 1761 1831 1.
1788 1816 1829 1821 —
1858 1797 1905 1830 A.
1931 1794 1976 1830 37
2001 1796 2047 1829 ut
2068 1804 2154 1830 con-

1346 1854 1446 1889 scius
1480 1855 1718 1890 consiliorum
1745 1853 1958 1890 Albucillae
1991 1852 2156 1888 defertur

1351 1913 1431 1947 Tac.
1459 1926 1543 1947 ann.
1571 1915 1604 1957 6,
1630 1914 1686 1951 47.

1300 1983 1334 2005 τ.
1361 1983 1424 2005 vm
1454 1997 1637 2009 ......
1663 1983 1756 2008 unus
1784 1983 1829 2008 ex
1854 1972 1979 2018 pueris
2006 1973 2156 2007 senato-

1344 2041 1420 2065 rum
1447 2030 1532 2066 filiis
1559 2031 1852 2067 ministrantibus
1879 2041 1911 2067 a.
1938 2030 2007 2067 105
2033 2029 2111 2066 105.

1299 2100 1340 2123 M.
1368 2090 1569 2135 [lelclvs]
1597 2101 1675 2125 cos.
1701 2101 1734 2125 a.
1758 2091 1805 2127 30
1837 2100 1918 2125 cnm
1949 2089 1992 2124 L.
2021 2087 2155 2124 Cassio

1347 2148 1518 2193 Longino
1535 2151 1631 2194 fasti
1654 2162 1764 2196 ma9.;
1780 2149 1878 2195 fasti
1899 2148 2036 2182 Nolani
2059 2147 2091 2181 Ι.
2109 2146 2156 2181 Ν.

1348 2207 1439 2242 1968
1456 2223 1501 2238 =
1523 2199 1579 2244 Or.
1606 2209 1708 2245 4033.
1745 2207 1855 2245 Ortus
1871 2206 2034 2250 Calibus,
2052 2209 2158 2252 patre

1349 2268 1457 2311 atque
1473 2278 1541 2302 avo
1557 2267 1824 2308 consularibus,
1853 2268 1980 2301 cetera
1996 2265 2158 2311 equestri

1349 2324 1502 2359 familia:
1532 2326 1564 2359 ei
1592 2326 1719 2361 Iuliam
1748 2323 1960 2361 Germanici
1987 2323 2099 2358 filiam
2125 2333 2158 2357 a.

1346 2383 1393 2418 33
1419 2385 1609 2420 coniunxit
1635 2385 1808 2420 Tiberius
1838 2385 1919 2418 Tac.
1945 2395 2029 2417 ann.
2055 2382 2088 2425 6,
2114 2381 2160 2416 15

1348 2441 1394 2477 cf.
1419 2442 1484 2486 453
1514 2463 1555 2468 —
1583 2454 1613 2477 a.
1640 2443 1686 2478 46
1718 2454 1739 2478 a
1770 2441 1990 2478 Messallina
2013 2449 2156 2476 veneno

1347 2503 1502 2536 necatus
1529 2504 1587 2536 est
1599 2502 1668 2535 Dio
1695 2503 1750 2544 60,
1776 2502 1821 2537 27
1831 2513 1839 2543 ;
1865 2520 1909 2526 -
1937 2500 1971 2534 ei
1988 2498 2158 2534 Velleius

1347 2558 1538 2595 historiam
1574 2570 1677 2595 suam
1710 2560 1902 2608 inscripsit
1923 2559 2012 2594 Vecl.
2041 2560 2073 2601 1,
2101 2557 2157 2601 13,

1347 2618 1369 2651 5
1394 2618 1428 2660 2,
1456 2619 1535 2662 113,
1564 2621 1594 2655 1.

1300 2687 1334 2711 τ.
1362 2687 1530 2713 vmrcws
1566 2689 1751 2714 lvnrAst
1788 2689 1865 2713 cos.
1899 2677 1967 2713 suf.
1999 2687 2078 2712 cum
2105 2675 2157 2711 M.

1347 2734 1465 2770 'Pittio
1491 2737 1606 2782 Frugi
1638 2737 1715 2771 VII
1738 2738 1818 2772 idus
1844 2739 1928 2771 Dec.
1954 2737 2011 2772 80.

1300 2804 1333 2827 Τ.
1362 2805 1494 2829 vmivs
1523 2797 1709 2839 [Rvavs]
1737 2806 1815 2831 cos.
1843 2806 1923 2830 cum
1951 2793 2073 2830 Galba
2090 2793 2156 2829 im-

1346 2854 1517 2897 peratore
1543 2855 1581 2890 II
1607 2856 1667 2897 69;
1699 2855 1757 2889 Or.
1786 2855 1893 2896 1756;
1924 2854 2003 2888 Tac.
2022 2854 2102 2888 laist·
2125 2853 2156 2895 1,

1345 2911 1469 2953 1.11;
1509 2933 1551 2938 ——
1595 2913 1751 2949 Galbam
1790 2912 1989 2948 invalidum
2029 2921 2156 2947 senem

1347 2969 1482 3006 Vinius
1518 2974 1556 3007 et
1582 2972 1776 3008 Cornelius
1803 2972 1928 3013 Laco,
1968 2970 2064 3006 alter
2093 2969 2156 3005 de-

1344 3030 1512 3065 terrimus
1528 3031 1745 3074 mortalium,
1773 3031 1866 3066 alter
1884 3029 2157 3074 ignavissimus,

1346 3088 1433 3124 odio
1459 3090 1677 3136 flagitiorum
1716 3092 1904 3125 oneratum
1943 3089 2158 3133 contemptu

1345 3149 1500 3184 inertiae
1529 3147 1773 3184 destruebant
1791 3149 1814 3182 l.
1831 3160 1858 3184 c.
1884 3147 1923 3192 63
1951 3166 1993 3172 —
2020 3147 2056 3181 in
2076 3146 2157 3182 dies

1346 3211 1485 3254 quanto
1511 3207 1708 3254 potentior,
1736 3205 1866 3242 eodem
1894 3209 1978 3240 actu
2004 3204 2159 3240 invisior

1347 3268 1370 3302 ἰ.
1386 3279 1414 3302 c.
1441 3267 1502 3309 125
1524 3286 1567 3292 -
1587 3265 1756 3312 potentia
1782 3263 2012 3313 principatus
2039 3262 2159 3299 divisa
