2340 3658
997 185 1210 233 cooptatio.
1925 187 2006 230 155

194 306 288 345 kam
310 308 407 343 nota
430 303 576 342 factam
604 312 692 338 esse
711 311 762 338 ex
787 300 929 339 litteris
950 299 1112 340 Traiani
1139 302 1224 340 vita
1248 302 1325 340 iam
1352 301 1499 339 functi:
1525 304 1568 339 ut
1583 304 1780 351 appareat
1803 301 1956 338 litteras
1985 312 2009 338 a

126 362 170 414 'fg‘
189 354 375 408 'Traiano
402 370 495 404 ante
526 366 688 402 mortem
717 363 858 401 missas
886 375 990 402 anno
1017 364 1171 402 demum
1208 363 1428 414 insequenti
1466 363 1506 401 in
1545 363 1681 401 urbem
1723 362 1866 400 allatas
1907 374 2008 400 esse.

188 428 511 470 Nominationem
539 433 580 464 et
604 426 933 464 renuntiationem
961 427 1161 464 sollemnis
1190 426 1394 476 cooptatio
1421 430 1559 463 secuta
1583 428 1658 472 est,
1685 436 1765 475 qua
1790 425 2007 474 perfectam

194 487 237 531 et
270 489 495 530 absolutam
532 501 621 527 esse
663 488 902 526 creationem
937 488 1028 526 inde
1061 494 1198 538 patet,
1233 487 1340 538 quod
1374 488 1604 526 sacerdotes
1645 486 1860 536 cooptandi
1901 486 2008 523 haud

174 540 287 601 {aro
313 552 415 589 inter
440 564 510 590 eos
538 554 809 596 recensentur,
836 550 902 600 qui
931 551 1174 600 cooptationi
1207 550 1433 596 adfuerunt3
1471 551 1520 588 ef.
1548 554 1670 600 caput
1696 548 1804 599 quod
1832 548 2010 598 sequitur

118 605 247 674 *dee
273 613 322 652 iis
350 614 416 664 qui
445 613 660 651 adfuerunt
684 624 722 662 p.
755 612 839 649 156.

299 683 401 726 cnm
430 686 683 737 cooptatione
711 685 923 723 coniuncta
950 688 1038 722 erat
1064 685 1301 723 caerimonia
1328 686 1496 724 vocandi
1524 685 1577 724 ad
1613 696 1747 732 sacra,
1775 695 1893 734 quam
1921 694 2008 720 cum

105 738 370 796 ffifflarinio
398 747 507 798 (Arv.
534 760 573 798 p.
601 747 728 793 XIV)
754 753 795 784 et
820 746 1093 796 Marquardtio
1121 746 1184 796 (R.
1215 747 1264 785 A.
1290 749 1318 786 4
1344 761 1380 799 p.
1407 749 1501 795 409)
1536 746 1874 795 inaugurationem
1901 745 2009 794 eqni-

119 802 162 869 ’Ξ
191 809 287 849 4ιὶειιι
313 810 435 848 fuisse
465 810 619 849 credidi
645 809 785 860 (Relaz.
815 820 854 858 p.
875 808 935 846 IV
967 813 1006 847 et
1033 809 1112 856 66),
1141 809 1358 848 Gemollins
1388 811 1442 859 (p.
1468 810 1534 858 23)
1561 810 1687 859 ipsam
1716 808 2008 858 cooptationem

193 870 253 912 ita
276 872 414 924 perfici
442 874 594 920 statuit,
622 878 666 911 ut
692 883 819 909 novus
846 870 1037 908 sacerdos
1065 871 1116 908 ad
1145 883 1262 910 sacra
1289 878 1461 910 vocetur.
1501 872 1562 909 De
1591 882 1670 921 qua
1695 882 1738 908 re
1765 875 1852 908 uter
1877 881 2009 907 verum

194 934 388 977 invenerit
415 935 503 972 aliis
532 933 827 972 diiudicandum
863 932 1052 982 relinquo.
1109 932 1189 972 Sed
1231 946 1317 971 cum
1358 945 1405 971 ne
1448 933 1666 971 Gemonias
1709 932 1866 982 quidem
1893 936 2013 980 neget

195 996 425 1036 sacerdotes
464 996 692 1045 inaugurari
721 996 943 1045 oportuisse
986 997 1040 1045 (p.
1068 996 1149 1046 22),
1191 1008 1266 1034 non
1302 996 1516 1046 perspicio,
1545 1007 1622 1045 quo
1650 995 1767 1032 modo
1800 993 1934 1032 statim
1960 1004 2010 1030 ex

117 1052 131 1095 «ᾗ
195 1058 450 1110 cooptatioue
478 1059 604 1097 saeris
632 1058 776 1096 adesse
804 1057 979 1107 potuerit
1007 1070 1130 1097 novus
1158 1059 1319 1097 Arvalis
1347 1059 1421 1096 nisi
1448 1059 1521 1096 rite
1548 1059 1626 1096 iam
1653 1058 1921 1106 inauguratus.

301 1131 610 1181 cooptationem
651 1135 745 1169 nota
783 1131 1030 1180 temporibus
1072 1133 1360 1182 antiquioribus
1405 1132 1483 1170 dici
1524 1144 1548 1169 a
1588 1131 1779 1180 magistro
1817 1129 1880 1166 vel
1919 1139 2009 1178 pro—

194 1195 389 1253 magistro
417 1194 571 1232 nomine
600 1193 757 1240 collegii
786 1194 933 1231 factam
962 1205 1050 1231 esse
1091 1195 1144 1240 (a.
1173 1197 1222 1233 14
1249 1196 1335 1243 38);
1368 1201 1512 1245 postea
1538 1194 1790 1233 adstantibus
1818 1192 2007 1230 fratribus

197 1257 380 1306 collegae
408 1257 592 1295 dicuntur
619 1255 797 1304 cooptati
827 1267 915 1293 esse
943 1256 994 1301 (a.
1023 1258 1073 1294 69
1101 1256 1149 1295 78
1177 1258 1264 1304 81),
1300 1268 1426 1306 neque
1454 1261 1583 1294 tamen
1611 1255 1783 1303 additur,
1810 1267 1837 1294 a
1863 1266 1941 1304 quo
1968 1253 2011 1291 id

98 1303 133 1349 ᾗ
194 1312 342 1360 laetum
369 1318 439 1366 sit3
467 1319 518 1357 ab
546 1329 651 1356 anno
677 1317 768 1355 iude
783 1318 833 1355 86
860 1318 1032 1366 collegio
1058 1319 1135 1368 ipsi
1164 1319 1367 1369 cooptatio
1387 1319 1583 1357 tribuitur.
1606 1339 1652 1345 —
1681 1317 1891 1356 Sollemnis
1918 1327 2008 1366 pre-

194 1383 315 1428 catio,
342 1393 446 1432 quae
488 1386 579 1418 ante
620 1381 931 1430 cooptationem·
953 1381 1062 1418 facta
1101 1393 1189 1419 esse
1232 1382 1375 1420 dicitur
1413 1382 1452 1418 in
1493 1382 1594 1420 actis
1630 1381 1702 1419 118
1730 1386 1770 1417 et
1802 1380 1887 1426 120,
1914 1377 2011 1416 nihil

195 1444 306 1484 aliud
333 1444 488 1482 videtur
514 1443 636 1481 fuisse
664 1443 737 1480 nisi
767 1454 868 1492 quae
896 1443 933 1480 in
963 1445 1062 1482 actis
1091 1457 1124 1483 a.
1155 1446 1229 1483 218
1257 1444 1480 1494 perscripta
1515 1448 1576 1481 est
1615 1442 1783 1481 formula
1821 1444 2013 1480 0⁰¹1⁵¹¹0ffl

195 1508 297 1556 quod
321 1507 452 1545 bonum
468 1508 637 1556 faustum
664 1510 739 1543 cet.

301 1590 607 1641 Cooptationem
637 1589 792 1627 videtur
819 1595 958 1629 secuta
986 1603 1075 1630 esse
1099 1604 1210 1637 cena,
1238 1603 1339 1643 quae
1368 1599 1447 1631 uua
1476 1603 1562 1630 cum
1590 1590 1659 1628 illa
1687 1589 2012 1628 commemoratur

186 1654 236 1692 ¹112
262 1653 364 1693 actis
393 1664 429 1691 a.
456 1653 520 1700 43,
548 1652 588 1690 in
619 1652 760 1702 quibus
790 1658 882 1692 sunt
908 1653 1026 1692 haec:

667 1780 1193 1792 .............
1226 1755 1268 1793 et
1298 1750 1526 1808 col[legam
1558 1783 1567 1791 .
1602 1783 1610 1791 .
1645 1783 1655 1792 .
1680 1745 1696 1791 ’.
1731 1783 1740 1792 .
1773 1783 1782 1790 .
1814 1783 1824 1793 .
1857 1783 1867 1792 .
1901 1783 1911 1792 .

668 1848 1021 1860 .........
1052 1822 1152 1873 post
1181 1816 1529 1876 e]ooptati[onem
1565 1819 1625 1872 (Β)
1656 1851 1666 1860 .
1700 1851 1709 1859 .
1743 1851 1751 1859 .
1786 1851 1795 1860 .
1830 1851 1839 1860 .
1872 1851 1882 1860 .
1914 1850 1923 1860 .
1956 1850 1966 1861 .
1999 1849 2008 1860 .

668 1916 1062 1928 ..........
1094 1900 1162 1928 res
1192 1892 1234 1928 et
1264 1885 1540 1944 cena[verunt
1559 1886 1620 1940 (5³)
1651 1919 1661 1928 .
1694 1919 1704 1928 .
1737 1919 1747 1928 .
1779 1919 1789 1927 .
1824 1919 1833 1927 .

299 1987 490 2036 Litterae,
519 1988 661 2038 quibus
701 1989 960 2039 imperatores
1001 2002 1142 2028 novum
1186 1990 1379 2038 collegam
1420 1989 1761 2036 commendabant,
1789 1989 1906 2027 anulo
1933 1984 2011 2038 sig·

195 2054 313 2092 natae
341 2049 456 2088 er'ant
484 2051 608 2101 ipsius
635 2051 840 2102 principis.
896 2052 957 2089 De
986 2052 1113 2090 anulis
1140 2057 1269 2090 autem
1298 2052 1577 2101 imperatorum
1612 2052 1759 2089 tradita
1786 2052 2011 2101 accepimus

86 2123 131 2156 ’,ῑ-
195 2113 305 2151 haee.
339 2112 490 2151 Narrat
518 2112 671 2150 Plinius
701 2112 752 2162 (n.
780 2116 813 2153 h.
842 2113 904 2162 37,
937 2113 1024 2163 10):
1061 2115 1166 2152 divos
1191 2114 1379 2163 Auqmstus
1411 2117 1503 2151 inter
1534 2117 1638 2151 initia
1664 2116 1814 2164 sphinqe
1838 2116 2006 2163 siynavit.

172 2175 292 2214 ,duas
316 2178 357 2212 in
381 2178 512 2212 matris
537 2175 660 2212 anulis
688 2189 750 2214 eas
778 2178 994 2214 indiscretae
1019 2177 1264 2214 similitudinis
1290 2179 1495 2213 invenerat.-
1528 2177 1646 2213 altera
1665 2188 1739 2226 per
1764 2177 1859 2213 bella
1890 2177 2013 2213 cicilia

85 2240 136 2278 :J
156 2237 341 2286 „absente
366 2240 447 2287 ipso
475 2239 586 2275 amici
611 2240 800 2287 siynacere
826 2238 1000 2286 wistalas
1025 2246 1059 2275 et
1085 2239 1217 2284 edicta,
1250 2251 1343 2288 quae
1379 2242 1476 2275 ratio
1518 2245 1719 2287 temporum
1758 2241 1900 2275 nomine
1937 2241 2012 2275 eiua

186 2300 303 2336 <reddi
323 2299 549 2349 postulabat,
574 2313 648 2338 non
675 2302 835 2348 infaceto
876 2301 999 2349 lepore
1031 2293 1297 2349 accipientium,
1336 2304 1546 2349 aem'qmala
1585 2301 1734 2348 adferre
1772 2312 1851 2336 eam
1890 2300 2011 2348 sphin—

78 2354 86 2402 ζ
143 2374 146 2377 ·
192 2373 287 2412 qam.
330 2364 467 2411 quippe
499 2365 607 2400 etlam
641 2364 870 2400 Maecenatis
896 2375 994 2399 rana-
1013 2375 1086 2411 per
1112 2362 1335 2399 conlationes
1358 2365 1598 2411 paenularum
1640 2365 1680 2398 in
1718 2375 1849 2411 maqno
1877 2368 2012 2399 terrore

194 2430 288 2462 erat.
341 2425 525 2474 Anqustus
561 2431 692 2473 postea
731 2426 785 2462 ad
822 2427 995 2462 evitanda
1036 2427 1204 2461 coum-ia
1243 2425 1405 2473 sphinyis
1438 2425 1647 2461 Alea-andri
1684 2425 1820 2472 Mayni
1854 2426 2012 2473 imaqine

194 2487 364 2536 signavit.
419 2486 715 2525 Posterioribus
745 2490 875 2523 tamen
903 2487 1146 2536 temporibus
1173 2486 1327 2524 Caesar
1355 2487 1562 2534 Augustus
1603 2485 1775 2533 imagine
1816 2498 1889 2523 sua
1929 2486 2009 2535 sig·

195 2558 290 2586 nare
315 2554 597 2586 consueverat:
636 2548 774 2586 scribit
801 2548 900 2585 euim
930 2538 1144 2586 Suetonius
1172 2548 1284 2597 (Any.
1312 2548 1399 2596 50):
1440 2551 1478 2584 in
1518 2548 1780 2596 diplomatibus
1812 2548 2011 2596 libellisque

196 2615 234 2648 et
256 2611 417 2659 efiialulia
441 2611 631 2660 signandis
656 2612 759 2648 initio
786 2612 935 2660 sphinge
962 2622 1045 2647 usu-3
1071 2617 1133 2654 est,
1169 2622 1251 2647 moa:
1290 2612 1447 2659 imayitw
1472 2611 1607 2657 Μαρια·
1635 2609 1852 2656 Alexandri,
1890 2612 2009 2647 not-2:2-

195 2675 282 2710 a'me
306 2684 395 2719 sua,
433 2673 659 2710 Dioscuridis
686 2685 797 2709 manu
823 2673 987 2721 scalpta,
1021 2685 1095 2722 qua
1125 2675 1271 2721 signare
1296 2673 1447 2708 insecuti
1474 2683 1615 2720 quoque
1634 2673 1824 2720 principes
1842 2684 2008 2720 persece-

194 2739 302 2782 rard,-
326 2735 419 2772 item
447 2733 525 2772 Dio
553 2732 704 2782 (51,3):
733 2732 881 2782 διπλῆν
907 2732 986 2782 γὰρ
1017 2732 1066 2781 ὸὴ
1097 2733 1324 2782 σφραγΐὸα,
1353 2722 1378 2783 ᾗ
1404 2728 1585 2779 μάλιστα
1617 2730 1705 2769 τότε
1734 2731 1893 2781 ἐχρῆτο,
1922 2732 2008 2771 ἐπε-

194 2795 352 2845 ποιήτη,
373 2794 535 2846 Σφίγγα
550 2794 592 2833 ἐν
605 2793 784 2843 ἑκατεόω
800 2790 947 2831 ὁιιοίαν
966 2790 1217 2837 iva-rufinae.
1239 2788 1410 2841 ὕστερον
1432 2792 1512 2843 γὰο
1530 2792 1604 2843 τὴν
1621 2789 1754 2830 εῗκόνα
1771 2792 1844 2843 τὴν
1860 2792 2010 2832 ἑαυτοῦ

174 2850 437 2908 7ἓγγλύψοις’
419 2856 547 2908 εκεῖνῃ
563 2854 611 2893 τὰ
635 2853 717 2892 πώ
722 2870 769 2892 ru
787 2854 1041 2904 ἰσημαιίετο.
1062 2855 1130 2893 καὶ
1147 2853 1252 2907 1ιῦῐῇ
1267 2855 1334 2892 καὶ
1362 2853 1400 2893 οἱ
1417 2854 1520 2904 μετὰ
1550 2869 1627 2892 ται
1633 2869 1681 2892 τα
1711 2851 1762 2892 αὖ
1769 2852 2011 2902 rozpoitopec

194 2916 299 2969 πλὴν
318 2917 487 2967 Γάλβου
511 2916 750 2967 ἐχρήσαντο.
787 2931 909 2962 ουτος
934 2915 1014 2966 2120
1042 2931 1135 2968 προ)
1139 2919 1270 2969 mgnum}
1298 2931 1374 2955 τινι
1404 2917 1689 2967 σφριι)ι’σμιιτι
1717 2931 1816 2954 κυνα
1837 2915 1880 2954 ἐκ
1898 2913 2008 2968 πρύ-

197 2992 275 3030 pm,-
300 2978 399 3024 νειὸς
425 2975 713 3028 nonni-ntorum
740 2977 870 3028 ἔχοντι
900 2978 1095 3026 ἐνόμισεν.
1153 2979 1289 3030 Caput
1326 2981 1448 3028 igitur
1476 2979 1670 3026 Augusti,
1712 2991 1790 3029 quo
1830 2980 1870 3017 in
1910 2979 2008 3016 actis

197 3042 405 3080 Arvalium
430 3043 599 3091 legimus
627 3042 808 3089 signatas
837 3043 957 3080 fuisse
983 3042 1261 3092 imperatorum
1288 3042 1491 3092 epistulas,
1530 3042 1739 3090 imaginem
1769 3042 1889 3079 fuisse
1917 3053 2008 3079 con·

199 3107 282 3142 atat
306 3103 491 3144 Caesaris
511 3103 698 3152 Augusti,
725 3104 792 3153 qui
819 3103 925 3153 quod
953 3103 1066 3140 divus
1086 3106 1292 3152 Angustus
1321 3116 1398 3142 non
1425 3103 1580 3150 dieitur,
1607 3103 1648 3140 id
1678 3104 1811 3141 nescio
1838 3115 1888 3140 an
1916 3103 2008 3141 inde

198 3165 477 3220 explicandum
506 3166 571 3212 sit,
598 3165 705 3215 quod
736 3165 890 3205 Caesar
918 3165 1028 3204 vivus
1056 3171 1376 3215 repraesentatus
1418 3165 1543 3203 fuerit.
1599 3164 1716 3213 Quod
1757 3170 1887 3203 autem
1914 3177 2006 3216 pos-

198 3227 361 3268 teriores
389 3228 507 3267 etiam
534 3227 735 3278 principes
765 3228 897 3279 capite
925 3228 1099 3278 Augusti
1128 3228 1309 3280 signasse
1339 3228 1534 3275 dicuntur,
1575 3227 1615 3265 id
1654 3226 1889 3267 confirmant
1915 3229 2008 3267 acta
