2340 3658
356 173 436 216 176
1186 174 1337 210 Privati.

395 288 493 331 gavit
512 287 735 322 sententiam
755 291 882 323 contra
900 288 1045 323 Sosiam
1066 286 1211 322 Gallam

397 347 418 380 l.
446 361 472 380 e.
501 350 534 386 4,
560 347 615 382 20.
653 346 703 391 C'f,
730 347 901 390 Borylzesz'
926 358 1003 391 opp.
1030 347 1052 380 5
1080 359 1117 389 p.
1142 346 1210 380 291

396 417 489 448 seqq.
518 404 577 449 qui
606 403 650 437 ad
679 415 758 438 eum
796 404 938 438 rettulit
975 404 1084 437 etiam
1117 413 1211 448 quae

395 462 440 496 de
467 462 615 508 Lepido
643 464 788 496 oratore
816 461 928 495 habet
964 461 1097 495 Seneca
1133 473 1210 494 eon-

395 529 479 556 trov.
506 523 527 554 5)
550 521 678 565 praef,
707 519 766 564 qui
800 521 1080 564 praeceptorem
1120 518 1213 553 dicit

395 578 556 612 Neronis
585 577 794 612 Germanici
824 577 846 611 f.
875 578 898 610 l.
925 590 951 612 c.
978 578 1011 618 2,
1039 578 1092 611 11.

347 649 379 671 1..
408 636 623 679 [ΑΕΜιιιγε]
652 646 820 670 PAvntvs
849 634 960 668 frater
980 634 1126 669 Arvalis
1146 634 1208 669 de-

393 695 510 728 cessit
535 704 565 727 a.
583 694 627 728 14
652 692 710 727 vel
738 696 895 727 exeunte
915 703 946 726 a.
967 694 1022 735 13,
1049 693 1084 727 in
1111 693 1208 727 eius-

393 763 463 797 que
491 751 609 785 locum
638 753 836 796 cooptatus
863 752 922 785 est
947 751 1089 785 Drusus
1114 750 1208 785 an-

391 822 452 844 sar
477 809 616 843 Tiberii
642 808 739 842 filius
766 809 829 843 14:
870 808 993 842 fasces
1032 808 1150 852 gessit
1177 819 1209 844 a.

392 880 427 913 p.
466 868 505 903 O.
545 868 575 901 1.
627 867 714 901 Fuit
755 866 850 901 filius
889 867 1013 901 Paulli
1058 866 1208 901 Aemilii

395 925 533 970 Lepidi
560 925 727 959 censoris
754 937 785 959 a.
812 937 845 960 u.
874 935 906 959 c.
935 926 1002 960 732
1041 925 1102 968 (cf.
1119 926 1214 970 fasti

395 983 545 1026 Capitol.
577 983 614 1015 (7.
646 982 673 1019 Ῑ.
703 984 740 1017 L.
766 985 831 1019 rol.
860 985 877 1018 1
902 995 939 1028 p.
960 982 1027 1018 441
1057 990 1088 1017 et
1113 983 1211 1025 450),

394 1040 598 1085 Iuliamque
626 1044 772 1087 neptem
795 1052 840 1075 ex
859 1041 1029 1086 Agrippa
1057 1044 1094 1075 et
1119 1041 1212 1076 Iulia

393 1098 470 1132 filia
496 1099 530 1132 in
564 1098 830 1133 matrimonium
871 1100 902 1132 ei
943 1099 1047 1134 dedit
1073 1099 1213 1134 Caesar

395 1158 586 1202 Augustus
600 1157 693 1191 Suet.
710 1158 754 1191 D.
772 1157 923 1202 An9.64.
946 1177 979 1181 —
997 1158 1211 1193 Coniuravit

394 1215 538 1249 iuvenis
566 1218 694 1250 contra
714 1215 912 1250 Caesarem
931 1217 1132 1260 Augustum
1159 1217 1208 1250 id.

392 1275 454 1308 19:
482 1274 527 1310 cs.
557 1275 745 1309 Drunrann
773 1275 787 1307 1
813 1286 851 1317 p.
872 1274 926 1315 11,
953 1275 999 1308 20
1018 1277 1056 1308 et
1076 1274 1210 1308 Marini

390 1332 474 1367 Arv.
503 1342 537 1377 p.
565 1333 620 1366 13.

344 1402 446 1426 MAM.
474 1391 678 1432 Assiuhmns
701 1391 881 1433 scsxvuvs]
910 1401 985 1425 cos.
1005 1399 1037 1425 a:
1055 1391 1098 1426 21
1126 1401 1206 1424 cum

391 1448 458 1483 Cn.
486 1449 684 1483 Tremellio
712 1450 769 1490 21,
797 1448 841 1482 cs.
870 1449 898 1480 (2¹
936 1449 964 1482 I.
991 1449 1029 1482 I..
1055 1449 1089 1491 4,
1118 1450 1208 1484 1553

389 1523 432 1537 :-
472 1508 619 1541 Henze'n
653 1507 744 1542 7419
783 1506 804 1540 d
833 1518 872 1548 a;
920 1508 1088 1551 Bor'qlaesi
1123 1520 1207 1543 ann.

390 1567 470 1599 inat.
508 1568 603 1602 arch.
646 1567 736 1602 1855
769 1577 807 1608 p.
833 1567 854 1598 8
879 1576 949 1610 seq.
999 1565 1133 1600 Adfuit
1172 1566 1207 1600 in

392 1626 536 1666 senatu,
573 1635 653 1659 cum
693 1625 739 1658 de
770 1625 924 1670 imperio
952 1624 1093 1659 'riberii
1119 1635 1205 1668 age-

393 1685 494 1717 retur
516 1684 595 1716 Tac.
617 1696 699 1718 ann.
721 1685 752 1725 1,
772 1684 833 1725 13;
863 1704 900 1707 -ν
933 1685 1114 1716 oratorum
1143 1693 1209 1716 sua

390 1743 513 1775 aetate
528 1741 733 1775 uberrimus
751 1741 773 1776 l.
789 1755 816 1775 c.
831 1742 864 1783 3,
879 1742 941 1782 313
971 1763 1009 1767 —
1040 1739 1209 1775 defendit

390 1798 529 1834 Sullam
562 1811 585 1833 a
609 1799 774 1834 Domitio
802 1799 1013 1838 Corbulone
1053 1809 1206 1833 accusa-

388 1859 463 1891 tum
491 1868 523 1894 a.
549 1859 593 1893 21
621 1860 712 1899 ibd.,·
742 1879 779 1882 -κ
809 1858 847 1892 Ο.
870 1857 1034 1892 Silanum
1059 1867 1209 1902 procos.

386 1915 500 1950 Asiae
527 1915 812 1961 repetundarum
839 1927 861 1950 a
887 1915 1002 1950 sociis
1038 1914 1203 1961 postula-

386 1975 462 2007 tum
490 1985 521 2008 a.
547 1975 592 2009 22
619 1985 698 2008 cum
722 1974 804 2008 aliis
824 1974 1033 2009 maiestatis
1052 1976 1206 2008 accusat

389 2033 411 2065 l.
440 2045 467 2066 c.
495 2034 529 2075 3,
557 2034 621 2075 66;
659 2054 703 2058 —
745 2033 954 2068 maiestatis
996 2032 1206 2079 postulatur

389 2101 420 2125 a.
436 2091 482 2126 32
497 2091 518 2124 ἰ.
536 2103 563 2124 c.
579 2092 611 2132 6,
626 2092 664 2132 9;
685 2111 724 2116 —
744 2091 863 2126 denuo
878 2091 1088 2137 postulatus
1104 2090 1203 2124 dam*

388 2148 574 2182 nationem
602 2150 721 2185 anteit
746 2161 778 2184 a.
804 2150 851 2186 34
876 2151 896 2184 l.
924 2163 951 2184 c.
978 2151 1041 2192 29·,
1068 2149 1113 2183 cf.
1134 2150 1204 2182 Dio

387 2209 442 2249 58,
470 2207 533 2248 24;
572 2227 615 2232 ——
655 2207 691 2242 in
730 2219 774 2242 eo
807 2208 1027 2243 Scaurorum
1067 2207 1205 2241 familia

388 2265 553 2300 extincta
579 2268 639 2300 est
670 2266 803 2300 Seneca
829 2279 962 2300 suasor.
989 2267 1022 2300 2.
1066 2286 1104 2291 ›—
1147 2266 1204 2300 De

390 2323 514 2358 indole
548 2323 785 2369 eloquentiae
814 2324 944 2360 Scauri
975 2326 1022 2358 id.
1050 2332 1203 2360 controv.

388 2383 444 2425 10,
478 2383 518 2425 23
553 2403 593 2408 —-
629 2382 675 2416 de
706 2383 868 2417 moribus
903 2384 982 2418 eius
1011 2383 1129 2418 Seme.
1161 2383 1204 2416 de

386 2441 497 2486 benef.
523 2442 557 2483 4,
583 2442 639 2476 31.
683 2441 736 2475 Cf.
764 2443 954 2476 Drumann
982 2443 999 2475 1
1022 2453 1061 2486 p.
1087 2441 1143 2483 33,
1171 2441 1201 2475 6.

341 2498 646 2542 [CN.AFR]AN1vs
666 2510 823 2534 naxrsn
852 2510 929 2534 cos.
957 2499 1027 2534 suf.
1055 2509 1135 2533 cum
1163 2497 1204 2531 C.

385 2556 480 2590 Iulio
520 2556 643 2592 Basso
683 2569 715 2592 a.
754 2557 788 2591 d.
818 2558 875 2592 111
904 2558 987 2592 idus
1015 2557 1134 2591 Maias
1172 2567 1203 2591 a.
1272 2570 1274 2572 ’

384 2616 451 2651 105
482 2616 514 2652 O.
542 2616 572 2649 I.
602 2615 643 2650 L.
670 2617 692 2651 3
721 2628 758 2661 p.
785 2617 864 2658 865,
897 2615 1010 2650 XXII
1036 2631 1080 2646 =
1107 2614 1203 2648 Hen-

385 2685 447 2708 τευ
475 2675 589 2719 6857;
616 2674 712 2709 XVI
737 2674 771 2710 k.
798 2674 877 2709 Iun.
918 2674 1001 2716 1053
1044 2693 1082 2698 -
1126 2683 1201 2707 cos.

383 2731 462 2766 des.
503 2732 538 2766 in
579 2735 710 2767 senatu
737 2732 959 2768 sententiam
987 2731 1079 2766 dicit
1104 2731 1201 2767 Plin.

380 2802 433 2834 ep.
460 2791 493 2833 5,
523 2792 577 2833 13,
602 2791 641 2833 43
661 2812 705 2817 ——-
723 2792 911 2837 quaeritur
937 2791 972 2825 in
1000 2792 1132 2825 senatu
1154 2800 1200 2824 au

380 2848 596 2883 interfectus
623 2849 674 2884 sit
699 2850 830 2884 consul
857 2861 878 2884 a
904 2849 981 2884 suis
1008 2850 1058 2883 iol.
1084 2850 1117 2890 8,
1143 2847 1198 2890 14,

381 2908 438 2943 12.
489 2907 544 2942 Cf.
572 2907 766 2943 Mommsen
792 2909 901 2943 index
932 2909 1114 2942 nominum
1150 2906 1199 2940 ad

383 2965 479 3000 Plin.
519 2967 616 3009 epist.
655 2968 708 3003 ed.
751 2965 834 3007 Keil,
869 2968 907 3001 et
942 2966 1092 3000 Hermes
1129 2962 1200 2997 III

376 3036 411 3068 p.
440 3024 497 3059 52.

333 3083 342 3124 l
355 3107 608 3120 ........
635 3085 890 3127 Moarrrmvs
920 3079 1195 3118 fraterArvalis

378 3141 466 3175 214:
506 3141 667 3178 sortasse
710 3154 756 3178 ex
797 3144 908 3188 gente
951 3140 1108 3176 Claudia
1150 3140 1195 3174 cs.

381 3210 570 3235 cLAvnlvs
599 3212 850 3238 aenrrrmvs.

332 3267 363 3291 ι.
398 3258 570 3302 Αιιῑ(ινε)
611 3258 801 3306 vla]u(vs),
841 3258 911 3294 nisi
951 3259 1045 3293 sorte
1083 3255 1194 3291 corri-

1357 287 1514 332 gendum
1554 291 1612 324 est
1649 291 1820 334 Λιιτζινε)
1852 303 1983 334 νΕκνε,
2021 291 2092 334 vel,
2130 294 2171 327 ut

1357 347 1531 392 proponit
1568 347 1747 383 Marinius
1786 349 1884 389 (Arn.
1920 362 1954 392 p.
1984 349 2067 391 519)
2102 349 2170 384 has

1356 404 1500 439 litteras
1528 406 1755 450 coniungens
1789 416 1869 440 cum
1908 406 1952 440 iis
1980 417 2073 452 quae
2112 417 2169 441 se-

1357 465 1526 506 quuntur,
1553 474 1584 498 1..
1611 475 1802 499 Atrnmvs
1826 476 2051 506 mvrmuvs,
2078 475 2170 499 unus

1358 530 1403 553 ex
1429 521 1554 565 pueris
1581 524 1790 556 senatorum
1818 522 1902 556 filiis
1931 522 2169 557 ministranti-

1355 577 1424 612 bus
1453 589 1485 612 a.
1511 578 1578 613 241
1606 580 1685 615 241.

1335 661 1342 670 .
1381 647 1574 671 ALFENWS
1618 648 1830 673 Avr'PIAst
1873 638 1986 674 frater
2027 637 2171 674 Arvalis

1354 695 1424 729 218
1447 695 1527 729 231.

1335 778 1341 785 .
1370 763 1516 787 ANNIVS
1545 765 1846 790 PERCENNIANVS
1881 755 1996 789 frater
2022 754 2170 790 Arvalis

1354 810 1434 845 231.

1345 895 1352 903 .
1380 878 1527 902 ANvas
1556 879 1674 903 vsavs
1707 869 1821 904 frater
1846 870 2102 916 Arvalis1053
2128 890 2171 894 --

1358 935 1438 960 cos.
1465 926 1521 960 III
1554 936 1633 959 cum
1664 927 1783 972 Flggio
1812 928 2013 964 Ambibulo
2034 939 2075 974 ba.
2104 928 2173 974 126

1357 984 1434 1018 126.
1456 1004 1493 1007 --
1524 984 1627 1017 Avus
1649 985 1695 1020 M.
1715 986 1907 1029 Antonini,
1932 985 2114 1021 'adscitus
2135 986 2170 1020 in

1358 1041 1537 1086 patricios
1566 1053 1587 1075 a
1614 1043 1845 1089 principibus
1870 1045 2110 1090 Vespasiano
2137 1047 2172 1078 et

1359 1099 1448 1133 Tito
1460 1098 1687 1134 censoribus'
1702 1100 1851 1144 Capitol,
1864 1102 1973 1137 Marc.
1987 1103 2026 1144 1,·
2038 1122 2076 1127 -
2093 1112 2169 1136 cos.

1358 1157 1511 1202 primum
1538 1168 1618 1192 cum
1646 1157 1802 1193 Neratio
1831 1159 1964 1196 Prisco
1991 1171 2089 1195 anno
2114 1161 2170 1195 in-

1356 1219 1459 1251 certo
1500 1217 1634 1260 Diqest.
1673 1217 1730 1259 48,
1773 1218 1805 1260 8,
1842 1219 1882 1259 6,
1925 1217 2084 1253 fortasse
2125 1220 2171 1254 83

1356 1274 1547 1319 (Buryhesi
1577 1287 1661 1310 ann.
1693 1277 1774 1309 inst.
1803 1277 1899 1313 arch.
1928 1277 2017 1311 1851
2048 1289 2086 1322 p.
2114 1277 2170 1318 17,

1353 1346 1424 1376 opp.
1458 1334 1480 1366 5
1515 1347 1548 1376 p.
1584 1333 1687 1377 356),
1726 1336 1855 1368 lterum
1895 1345 1976 1369 cum
2018 1336 2170 1380 Augure

1355 1403 1386 1427 a.
1415 1393 1479 1426 121
1501 1392 1594 1436 fasti
1618 1404 1735 1433 comm
1763 1411 1801 1415 —-
1832 1392 2046 1427 decessisse
2067 1393 2169 1428 vide-

1353 1453 1412 1483 tur
1439 1460 1552 1483 senex
1590 1449 1784 1484 admodum
1824 1450 1924 1485 circa
1961 1450 2068 1485 finem
2103 1451 2168 1487 im-

1354 1508 1445 1554 perii
1461 1506 1655 1551 Hadriani,
1682 1518 1763 1542 cum
1790 1508 1998 1544 interfuerit
2011 1510 2168 1552 senatui,

1352 1567 1389 1600 in
1416 1577 1488 1611 quo
1514 1576 1628 1610 gener
1645 1565 1777 1600 Arrius
1801 1566 2012 1602 Antoninus
2031 1578 2053 1602 a
2070 1570 2168 1614 prin-

1353 1625 1436 1670 cipe
1464 1623 1665 1670 adoptatus
1704 1627 1763 1658 est
1799 1623 1945 1667 Capitol.
1972 1627 2055 1660 Ant.
2083 1626 2170 1660 Piue

1350 1683 1384 1718 4.
1435 1682 1489 1716 Cf.
1519 1682 1689 1727 Borghesi
1726 1695 1810 1716 ann.
1843 1684 1927 1718 inst.
1954 1685 2051 1720 arch.
2078 1683 2170 1718 1852

1348 1753 1383 1783 p.
1411 1741 1455 1775 10
1481 1753 1588 1785 seqq,
1614 1752 1692 1785 opp.
1719 1742 1741 1774 5
1763 1753 1798 1783 p.
1824 1741 1895 1775 350
1919 1753 2014 1786 seqq.

1332 1824 1338 1832 .
1366 1810 1514 1833 ANNIVS
1537 1810 1762 1833 vmrcmuvs
1781 1799 1818 1832 in
1837 1799 2033 1844 collegium
2055 1810 2169 1846 coop-

1350 1858 1451 1890 tatus
1489 1868 1521 1891 a.
1547 1857 1594 1892 38
1618 1857 1681 1898 38;
1722 1857 1818 1891 inter
1857 1857 2016 1894 Arvales
2053 1859 2169 1894 nomi-

1351 1916 1468 1956 natur,
1509 1914 1574 1949 sed
1616 1925 1738 1949 errore
1781 1915 1918 1950 dicitur
1951 1916 2000 1952 M.
2026 1917 2168 1952 Ennius

1351 1971 1399 2007 V.
1424 1972 1471 2007 40
1510 1992 1553 1997 -
1586 1973 1797 2008 Maiestatis
1836 1973 2015 2019 postulati
2054 1985 2085 2010 a.
2122 1975 2169 2010 32

1351 2041 1466 2065 causa
1492 2030 1609 2066 dilata
1634 2043 1656 2066 a
1682 2031 1844 2067 Caesare
1873 2031 2057 2075 (Tiberio)
2087 2032 2167 2067 Tac.

1351 2101 1436 2125 ann.
1463 2091 1495 2131 6,
1523 2091 1562 2132 9,
1590 2111 1633 2117 —
1660 2090 1865 2125 coniuravit
1889 2091 2017 2124 eontra
2036 2090 2168 2125 Gaium

1352 2147 1550 2182 Caesarem
1577 2159 1610 2184 a.
1636 2149 1679 2184 41
1713 2149 1851 2194 Ioseph.
1891 2149 2023 2193 antiqq.
2052 2149 2107 2190 19,
2134 2149 2166 2189 1,

1350 2207 1371 2241 3
1398 2208 1435 2240 et
1461 2206 1493 2248 4,
1521 2208 1542 2242 3
1583 2207 1660 2251 (ubi
1699 2217 1822 2242 errore
1857 2207 2065 2241 nominatur
2090 2210 2168 2241 Μι-

1349 2262 1583 2309 νουκιανός);
1622 2284 1664 2290 -
1706 2267 1794 2310 post
1819 2264 1972 2299 caedem
1999 2265 2070 2300 Gai
2102 2265 2170 2300 fuit

1348 2333 1441 2356 unus
1470 2333 1515 2356 ex
1542 2323 1601 2365 iis,
1629 2323 1763 2367 quibus
1790 2322 1924 2358 deferri
1963 2333 2077 2369 posse
2112 2323 2166 2358 vi-

1349 2380 1507 2414 debatur
1531 2381 1720 2426 imperium
1748 2382 1818 2415 Dio
1837 2382 1892 2423 60,
1920 2382 1981 2423 15;
2009 2401 2051 2407 -
2077 2392 2163 2416 cou-

1348 2439 1482 2473 iuravit
1506 2449 1586 2473 cum
1606 2439 1717 2473 Furio
1737 2438 1893 2474 Camillo
1921 2439 2166 2474 Scriboniano

1348 2508 1466 2542 eoque
1486 2497 1614 2532 occiso
1633 2508 1674 2532 se
1692 2498 1812 2543 ipsum
1828 2497 2017 2532 interfecit
2033 2498 2106 2535 ibd.
2125 2517 2163 2522 -ν

1350 2555 1406 2590 Cf.
1442 2556 1615 2601 Boryhesi
1649 2556 1735 2590 buu.
1775 2557 1857 2591 inst.
1889 2558 1988 2594 arch.
2014 2557 2106 2593 1845
2127 2570 2164 2602 p.

1348 2614 1416 2648 154
1441 2626 1523 2659 seq„
1550 2626 1629 2659 opp.
1655 2614 1678 2648 4
1699 2626 1734 2657 p.
1760 2613 1841 2648 478.

1301 2684 1332 2706 c.
1361 2683 1568 2707 Anwsrivs
1597 2683 1720 2708 varvs
1758 2674 1909 2718 praetor
1942 2672 2103 2708 urbanus
2130 2684 2165 2709 a.

1345 2731 1404 2772 20,
1442 2741 1519 2765 cos.
1554 2742 1585 2765 a.
1610 2731 1656 2766 23
1686 2732 1780 2776 fasci
1814 2743 1908 2775 may.
1946 2731 1992 2766 cf.
2020 2730 2165 2766 Hanzen

1347 2789 1449 2832 7165,
1477 2791 1602 2824 titulus
1624 2789 1734 2823 Scir-ti
1772 2787 1807 2824 C.
1834 2788 1866 2824 I.
1893 2788 1932 2825 L.
1955 2790 1985 2826 ,1
2012 2799 2047 2835 p.
2073 2788 2162 2831 4753

1346 2848 1456 2881 tndem
1493 2848 1618 2882 Dionis
1655 2848 1679 2882 l.
1708 2848 1764 2883 57.
1815 2847 1872 2881 De
1910 2857 2046 2892 genere
2084 2847 2164 2882 eius

1345 2906 1392 2941 cl'.
1418 2906 1624 2951 Nipperdey
1651 2906 1700 2939 ad
1729 2907 1810 2941 Tac.
1838 2906 1932 2941 Ann.
1957 2905 1992 2947 4,
2018 2905 2048 2940 1.

1299 2977 1330 2999 c.
1356 2976 1498 3000 AN'PIVS
1527 2977 1561 3001 Α.
1591 2974 1715 2999 1v1.1vs
1757 2973 1985 3005 ovAnuArvs
2025 2973 2059 2999 a.
2095 2963 2163 2999 105

1344 3022 1472 3067 iterum
1515 3033 1592 3058 cos.
1630 3032 1711 3056 cum
1754 3021 1811 3055 Ti.
1855 3020 1948 3055 Iulio
1992 3020 2161 3056 Candido

1340 3081 1459 3115 Mario
1487 3080 1599 3115 Celso
1628 3080 1665 3114 11
1698 3079 1776 3122 105,
1815 3077 1862 3114 cf.
1892 3078 1949 3114 Or.
1975 3079 2088 3122 36513
2116 3098 2159 3103 —

1342 3139 1498 3173 refertur
1538 3139 1630 3172 inter
1672 3138 1831 3172 Arvales
1874 3137 1944 3171 ibd.
1989 3155 2028 3161 -
2073 3136 2161 3171 Fuit

1343 3197 1495 3243 primum
1522 3207 1598 3230 cos.
1626 3195 1697 3230 suf.
1724 3206 1755 3230 a.
1770 3195 1818 3230 93
1833 3195 2034 3238 tab.privil.
2070 3201 2161 3229 vete·

1339 3267 1419 3291 ran.
1435 3254 1530 3289 XVI
1546 3253 1598 3300 (C.
1621 3252 1651 3289 I.
1669 3251 1710 3290 L.
1729 3254 1798 3298 3p.
1813 3252 1908 3295 859).
1926 3271 1966 3277 -
1984 3252 2159 3306 Honores
