2340 3658
948 210 1031 247 dies
1055 210 1253 247 secundus.
1721 230 1727 235 ·
1945 212 2000 255 35

202 331 363 368 ramalia
387 331 537 378 itemque
568 329 705 379 Opalia
731 329 923 373 celebrari,
963 329 1063 378 quod
1100 328 1280 367 Saturnus
1314 330 1456 377 eiusque
1488 320 1583 364 uxor
1617 333 1690 364 tam
1708 328 1863 377 frugum
1891 341 1999 377 quam

204 395 386 438 fructuum
410 398 610 442 repertores
637 403 708 429 esse
735 392 940 429 credantur.
979 394 1099 440 itaque
1126 393 1223 428 omni
1252 394 1327 428 iam
1344 393 1428 440 seta
1459 403 1633 441 aprorum
1661 397 1786 427 coacto
1814 391 1860 427 ab
1887 391 1999 428 homi-

200 456 304 494 nibus
329 456 394 493 hos
421 456 507 492 deos
532 457 604 492 coli.
631 461 703 493 eet.
740 454 825 493 Nec
853 453 1006 492 videtur
1024 450 1242 492 audiendus
1261 454 1461 492 Prellerns
1489 453 1553 503 (R.
1580 453 1694 502 Myth.
1724 464 1749 502 p
1779 453 1855 490 413
1883 453 1944 491 ed.
1963 454 2000 504 l)

150 526 157 534 ⁴
202 523 346 570 putans
375 529 506 556 mense
533 518 742 556 Decembri
770 517 835 555 vix
863 517 1055 555 celebrari
1082 517 1260 567 potuisse
1288 529 1440 555 sacrum
1470 516 1521 554 ad
1549 528 1714 554 messem
1742 517 1957 566 pertinens.

302 582 388 620 Iam
416 581 647 620 terminatae
682 585 792 619 erant
829 580 1087 618 caerimoniae
1114 580 1152 617 in
1179 581 1268 619 luco
1297 580 1473 631 aedeque
1501 579 1726 618 faciendae:
1754 580 1885 629 itaque
1913 591 2001 618 cum

201 645 331 684 felicia
371 645 582 693 dixissent,
625 644 874 683 desciderunt
913 642 953 694 (l.
983 643 1287 692 descenderunt)
1322 644 1452 682 lucum
1488 647 1528 681 et
1560 642 1750 693 depositis
1785 643 2000 692 praetextis

201 707 400 747 cenatoria
427 708 519 747 alba
545 711 785 758 acceperunt
811 710 851 745 et
875 706 914 744 in
942 707 1148 756 tetrastylo
1177 707 1325 756 epulati
1354 711 1455 745 sunt.
1484 730 1534 735 -—
1559 706 1620 745 De
1649 706 1773 744 forma
1811 705 1918 743 verbi
1938 708 2000 744 de·

202 773 383 810 sciderunt
401 775 518 809 antea
538 771 682 810 dictum
710 774 789 821 est3
817 770 908 808 item
937 769 985 807 de
1012 770 1229 819 praetextis
1257 775 1297 808 et
1323 770 1531 830 cepatoriis
1552 769 1651 807 albis
1673 769 2000 819 Synthesibusque

199 836 253 885 (p.
282 833 358 884 15).
425 835 726 874 Discumbentes
777 837 905 872 autem
953 832 1134 870 dicuntur
1181 832 1328 882 epulati
1368 844 1456 871 esse
1503 833 1541 870 in
1576 833 1676 871 actis
1716 833 2000 882 antiquioribus

202 897 461 948 (105-213)‚
495 897 730 947 additurque
764 897 803 934 in
837 896 938 936 actis
965 907 998 934 a.
1020 894 1065 933 87
1097 895 1134 933 in
1167 895 1335 933 triclinio
1362 895 1402 932 id
1428 896 1575 933 factum
1605 906 1712 933 esse:
1751 900 1868 934 antea
1895 907 2000 945 vero,

199 973 287 1000 cum
315 961 500 1011 porcilias
529 963 746 1010 gustarent,
773 959 847 997 etsi
874 962 1103 1009 praetextas
1132 958 1313 997 videntur
1340 958 1571 1008 deposuisse
1598 958 1663 1008 (ef.
1685 958 1834 1008 supra),
1863 958 2000 997 seden-

131 1015 141 1028 '
201 1024 327 1063 tesin
355 1023 554 1062 subselliis
590 1023 628 1060 in
661 1023 868 1072 tetrastylo
901 1022 1049 1072 epulati
1085 1026 1186 1060 sunt.
1242 1022 1388 1060 Fuerat
1414 1021 1597 1060 videlicet
1624 1026 1716 1059 tunc
1745 1021 1918 1070 gustatio
1946 1022 2000 1060 le·

199 1087 295 1136 vior,
323 1088 466 1136 postea
491 1085 710 1136 prandium,
738 1090 779 1124 ut
807 1098 896 1124 mox
923 1085 1154 1134 videbimus,
1182 1086 1418 1136 opulentum.
1458 1085 1664 1134 Quomodo
1692 1086 1820 1122 autem
1847 1084 2000 1123 intelle-

199 1149 369 1200 gendum
398 1150 469 1198 sit,
498 1148 604 1199 quod
632 1150 860 1187 constanter
897 1148 1077 1187 dicuntur
1105 1148 1154 1187 ad
1183 1149 1412 1198 magistrum
1440 1148 1590 1199 epulati
1617 1159 1703 1186 esse
1731 1148 1856 1197 (cuius
1883 1148 1938 1186 rei
1963 1148 2002 1186 in

199 1214 293 1252 solis
320 1213 420 1252 actis
448 1225 482 1251 a.
503 1213 577 1250 219
605 1212 748 1250 mentio
776 1211 942 1261 deficit),
976 1217 1093 1252 antea
1126 1212 1311 1263 exposui,
1353 1223 1439 1251 eum
1477 1211 1524 1250 de
1559 1211 1746 1261 sportulis
1776 1212 1898 1250 verba
1924 1212 2002 1250 feei

198 1277 322 1328 primo
351 1276 413 1315 die
441 1275 607 1324 collegio
637 1274 771 1313 divisis
801 1275 853 1325 (p.
874 1275 949 1322 16).

299 1341 348 1379 In
374 1338 498 1390 epulis
525 1338 791 1376 Romanorum
819 1342 951 1376 notum
992 1341 1052 1377 est
1091 1338 1222 1387 eibos,
1262 1350 1349 1376 eum
1390 1338 1676 1376 accumbebant
1716 1337 1923 1386 convivae,
1962 1338 2002 1376 in

197 1416 334 1443 mensa
359 1402 529 1442 nondum
558 1402 763 1452 appositos
790 1401 932 1451 fuisse,
971 1401 1042 1439 sed
1074 1402 1113 1439 in
1140 1401 1372 1451 repositorio
1401 1401 1521 1440 allata
1556 1412 1642 1439 esse
1669 1401 1837 1449 fercula,
1875 1411 2000 1451 eaque

158 1486 165 1492 ·
200 1480 288 1507 eum
315 1469 567 1514 mutarentur,
597 1465 796 1503 sublatum
823 1476 911 1503 esse
946 1465 1222 1515 repositorium
1260 1476 1304 1502 ae
1334 1463 1461 1502 denuo
1489 1465 1650 1503 inlatum
1678 1463 1743 1514 (cf.
1771 1463 2004 1513 Marquardt

197 1532 244 1569 R.
274 1532 319 1568 Α.
347 1532 383 1578 5,
406 1531 424 1568 1
453 1542 491 1580 p.
512 1529 586 1566 329
613 1527 767 1577 locique
795 1528 968 1577 primarii
997 1528 1046 1566 ab
1075 1539 1121 1566 eo
1150 1528 1260 1567 citati
1292 1528 1450 1565 Petron.
1480 1529 1529 1565 33
1547 1539 1675 1578 seqq.;
1703 1527 1802 1565 Plin.
1831 1540 1866 1565 n.
1885 1528 1918 1566 Ιι.
1939 1529 2000 1576 28,

198 1595 259 1633 26.
287 1595 349 1642 33,
375 1594 463 1641 146;
493 1593 627 1630 Iuven.
658 1589 692 1640 7,
716 1590 816 1640 184).
871 1590 1084 1629 Prandium
1113 1596 1242 1645 autem
1270 1603 1354 1630 cum
1383 1590 1597 1629 consistere
1627 1590 1772 1629 soleret
1799 1590 1896 1628 cibis
1923 1594 2003 1629 tam

197 1655 350 1706 frigidis
379 1667 495 1706 quam
524 1653 682 1701 calidis,
722 1653 918 1703 piscibus,
958 1655 1163 1703 carnibus,
1197 1654 1355 1703 herbis,
1392 1654 1599 1701 fructibus,
1636 1653 1725 1692 vino
1753 1653 1818 1703 (cf.
1847 1652 2003 1692 Becker

200 1719 333 1758 Gallus
359 1720 383 1757 3
410 1731 449 1769 p.
468 1718 540 1757 178
569 1717 629 1756 ed.
650 1718 674 1755 2
702 1720 742 1755 et
768 1716 999 1767 Marquardt
1024 1718 1048 1754 l.
1069 1729 1100 1755 e.
1128 1730 1166 1767 p.
1188 1717 1299 1767 274),
1337 1729 1424 1756 cum
1459 1716 1719 1755 sollemnitate
1748 1716 1916 1766 quadam
1944 1721 2003 1755 ut-

197 1786 290 1833 pote
319 1782 357 1819 in
387 1782 512 1832 epu'lis
541 1779 855 1819 sacerdotalibus
883 1792 989 1818 more
1016 1793 1186 1831 pompae
1213 1781 1251 1818 in
1288 1780 1532 1830 tetrastylum
1560 1780 1708 1818 fereula
1733 1779 2004 1818 inferebantur

199 1859 280 1884 cum
306 1847 507 1895 campanis,
532 1847 576 1881 ut
602 1846 663 1881 est
688 1843 727 1880 in
755 1843 867 1891 actis,
894 1850 926 1880 et
951 1844 1140 1881 urnalibus
1174 1845 1282 1882 mulsi
1306 1845 1542 1893 sinqulorum.
1596 1842 1762 1881 Urnalia
1787 1854 1884 1882 vasa
1912 1848 2002 1882 sunt

199 1920 334 1947 urnam
360 1907 499 1958 liquidi
527 1906 787 1954 continentia,
829 1917 900 1944 nec
941 1906 1098 1955 mirum,
1143 1907 1249 1957 quod
1281 1906 1319 1944 in
1353 1907 1479 1956 epulis
1515 1906 1719 1944 Arvalium
1753 1910 1862 1944 certa
1889 1907 2002 1945 mulsi

146 2010 153 2019 ,
198 1982 382 2009 mensura
410 1970 572 2019 singulis
595 1969 917 2007 accumbentibus
939 1970 1232 2019 assignabatnr,
1253 1981 1338 2007 cum
1358 1969 1395 2007 in
1418 1969 1525 2007 cenis
1546 1969 1800 2018 collegiorum
1820 1968 1861 2006 id
1876 1968 2003 2019 ipsum

197 2034 279 2072 fieri
307 2033 469 2082 soleret,
503 2037 546 2071 ut
579 2032 668 2080 lege
706 2031 863 2081 collegii
893 2032 1124 2082 Aesculapii
1151 2038 1190 2071 et
1216 2032 1374 2083 Hygiae
1404 2031 1488 2083 (Or.
1508 2031 1625 2081 2417)
1654 2032 1935 2082 praescribitur
1961 2037 2004 2071 ut

198 2109 284 2135 cum
313 2095 498 2146 sportulis
527 2106 650 2146 panes
688 2106 844 2144 quoque
878 2099 918 2133 et
955 2095 1082 2134 vinum
1112 2096 1336 2135 dividantur
1363 2095 1655 2146 praesentibus,
1690 2094 1757 2143 qui
1789 2097 1918 2132 autem
1951 2095 2002 2133 ad

197 2159 436 2211 epulandum
463 2171 540 2197 non
569 2157 835 2206 convenerint,
863 2168 994 2196 eorum
1023 2159 1223 2209 sportulae
1252 2164 1291 2198 et
1317 2170 1441 2209 panes
1469 2160 1510 2196 et
1543 2157 1674 2195 vinum
1700 2163 1742 2195 ut
1768 2162 1938 2196 veneant
1963 2163 2003 2196 et

195 2222 472 2273 praesentibus
508 2220 742 2259 dividantur.
797 2221 865 2258 Ad
901 2221 1089 2260 eiusmodi
1125 2221 1336 2260 divisiones
1365 2233 1462 2260 vasa
1487 2221 1556 2259 illa
1584 2221 1661 2259 duo
1687 2220 1839 2260 ahenea
1866 2221 1998 2260 viden-

196 2290 259 2325 tur
287 2285 465 2324 adhibita
492 2295 598 2331 esse,
641 2295 739 2334 quae
781 2284 820 2322 in
861 2283 998 2323 schola
1039 2284 1230 2322 sodalium
1266 2284 1511 2329 Serrensium
1546 2295 1672 2334 prope
1708 2284 1861 2322 moenia
1887 2285 1995 2323 urbis

195 2350 374 2399 viamque
402 2349 691 2386 Nomentanam
718 2352 830 2386 eruta
856 2359 957 2386 nunc
985 2348 1025 2385 in
1044 2359 1177 2402 museo
1200 2347 1426 2397 Capitolino
1446 2351 1700 2386 asservantur
1719 2347 1784 2396 (cf.
1806 2347 1855 2385 de
1875 2347 1997 2386 Rossi

196 2413 296 2450 Ball.
316 2413 356 2449 di
372 2411 604 2460 archeoloqia
623 2413 798 2448 cristiana
827 2411 926 2448 1864
944 2423 982 2460 p.
1003 2408 1048 2450 57
1067 2410 1215 2461 seqq.);
1244 2409 1283 2447 in
1309 2409 1356 2447 iis
1386 2410 1487 2447 enim
1514 2409 1717 2459 inscriptio
1745 2415 1909 2448 exarata
1936 2415 1998 2449 est

196 2463 316 2513 haec:
345 2474 383 2513 G.
412 2474 552 2512 Cirr-ius
579 2475 748 2512 Zosimus
772 2474 958 2511 sodalibus
983 2476 1057 2511 suis
1082 2474 1279 2511 mesura-lia
1305 2473 1341 2510 d.
1362 2474 1397 2511 d.
1414 2473 1610 2518 Sensibus,
1637 2472 1759 2510 maius
1780 2477 1908 2512 autem
1926 2486 2000 2524 par

197 2542 259 2576 est
285 2536 468 2586 sextario,
497 2537 622 2575 minus
650 2536 838 2575 heminae.
892 2536 1100 2574 Difficilior
1127 2536 1175 2574 de
1203 2536 1405 2585 campanis
1435 2535 1614 2586 quaestio
1643 2538 1714 2574 est.
1758 2535 1999 2587 Campanam

198 2599 378 2638 Isidorus
407 2600 513 2651 (or-59.
545 2601 603 2648 16,
623 2600 686 2648 25,
709 2600 748 2648 6)
778 2603 963 2637 stateram
984 2598 1091 2648 dicit,
1123 2610 1222 2649 quae
1243 2599 1340 2637 duas
1360 2599 1493 2636 lances
1514 2609 1592 2636 non
1610 2597 1769 2646 habeat,
1799 2599 1868 2638 sed
1890 2600 2001 2649 virga

197 2663 249 2701 sit
275 2662 432 2712 signata
457 2663 566 2700 libris
595 2667 634 2701 et
660 2662 782 2700 unciis
811 2667 849 2700 et
876 2673 979 2710 vago
1005 2662 1182 2712 pondere
1209 2666 1454 2710 mensurata3
1482 2672 1554 2699 nec
1575 2662 1800 2710 negaverim
1827 2662 1908 2700 fieri
1928 2675 1998 2712 po-

195 2725 331 2774 tuisse,
357 2729 412 2774 ut,
441 2724 543 2763 sicut
569 2726 684 2763 mulsi
711 2737 820 2773 urna,
847 2725 902 2763 ita
930 2725 1103 2763 ciborum
1131 2736 1284 2776 quoque
1320 2729 1467 2763 certum
1497 2723 1693 2774 quoddam
1720 2725 1875 2774 pondus
1905 2737 1998 2776 epu-

194 2787 366 2826 lantibus
395 2787 695 2838 appenderetur.
749 2788 890 2827 Potest
924 2788 1039 2825 etiam
1075 2787 1123 2826 de
1150 2787 1423 2826 tintinnabulis
1461 2786 1647 2836 cogitari,
1684 2799 1784 2836 quae
1820 2788 1919 2826 bene
1947 2788 1999 2826 ad

196 2862 377 2900 pompam
405 2850 586 2888 videntur
613 2850 821 2889 convenire
859 2854 899 2888 et
933 2850 982 2888 ab
1019 2851 1189 2900 antiquis
1224 2850 1300 2888 iam
1329 2861 1608 2899 campanarum
1637 2849 1791 2888 nomine
1820 2852 1997 2901 appella-

195 2914 355 2962 bantur3
383 2914 432 2952 ef.
461 2925 584 2952 onom.
613 2926 652 2964 p.
671 2915 720 2953 25
749 2914 896 2953 Labb.:
926 2926 1109 2963 campana
1135 2911 1288 2951 κώδων.
1343 2913 1521 2962 Denique
1552 2924 1638 2950 cum
1665 2917 1822 2962 praeter
1849 2914 1999 2952 urnalia

197 2976 367 3026 patellae
395 2987 549 3026 quoque
576 2977 733 3015 ferculis
760 2977 965 3026 impositae
993 2976 1138 3026 requiri
1172 2975 1395 3025 videantur,
1433 2975 1638 3025 Campana
1669 2975 1825 3013 Horatii
1852 2976 1933 3025 (sat.
1963 2981 1997 3021 1,

196 3038 314 3088 6,18)
344 3038 520 3089 supellex
548 3039 587 3077 in
614 3044 781 3078 mentem
808 3039 932 3087 venit,
967 3043 1009 3076 ut
1042 3050 1141 3088 quae
1177 3038 1216 3076 in
1245 3039 1366 3078 sacris
1396 3038 1472 3076 diei
1498 3037 1602 3076 tertii
1630 3042 1839 3077 occurrunt
1865 3044 1996 3078 tusca-

197 3101 305 3139 nicae
333 3105 373 3139 et
398 3101 509 3151 ipsae
537 3113 635 3139 vasa.
661 3102 857 3152 quaedam
886 3101 1066 3140 videntur
1094 3113 1180 3139 esse
1208 3114 1257 3139 ex
1288 3101 1445 3140 Etruria
1473 3101 1595 3138 allata
1621 3099 1688 3148 (cf.
1716 3099 1938 3139 Mommsen
1957 3102 1996 3139 in

197 3163 389 3201 Relazione
414 3176 453 3213 p.
474 3163 581 3202 XIV
610 3164 650 3202 in
677 3164 870 3203 addendis
899 3169 937 3203 et
965 3164 1236 3214 corrigendis).
1276 3186 1326 3192 -
1366 3165 1475 3202 Nota
1511 3174 1588 3200 non
1625 3162 1767 3201 adesse
1806 3163 1931 3213 epulis
1958 3165 1998 3202 in

197 3225 286 3263 luco
313 3225 427 3264 saetis
454 3238 613 3276 puerOS,
641 3239 739 3277 quos
768 3238 888 3266 cenae
908 3227 947 3265 in
966 3227 1080 3266 domo
1101 3227 1278 3276 magistri
1297 3231 1455 3277 praesto
1476 3225 1594 3263 fuisse
1615 3225 1754 3263 diebus
1773 3229 1852 3264 tam
1871 3227 1996 3276 primo

197 3298 312 3338 quam
340 3288 464 3328 altero
493 3279 533 3329 e't
556 3289 672 3329 tertio
695 3301 788 3330 mox
814 3289 1040 3331 videbimus.
1072 3314 1115 3319 -
1146 3289 1246 3330 Post
1280 3290 1417 3340 epulas
1455 3288 1598 3339 singuli
1623 3292 1853 3339 praesentes
1882 3301 1992 3329 acce-

1662 3350 1731 3394 3³1<
