2340 3658
286 182 363 208 vm
1095 158 1306 194 Exordium.

293 280 502 334 Cornelio,
535 278 710 320 Manilio
734 275 964 319 Arvalibus
985 278 1164 330 possunt
1193 272 1367 315 nomina
1394 272 1612 328 accepisse
1637 272 1680 328 ¹).
1734 271 1942 315 Videntur
1974 271 2104 325 igitur

294 348 549 402 cog-uomina
584 347 849 401 publicorum
887 345 939 385 ab
978 343 1032 384 iis
1069 341 1210 396 potius
1243 341 1441 382 derivata
1479 354 1593 395 esse,
1626 353 1649 383 e
1686 354 1865 394 quorum
1905 353 2033 381 manu
2066 339 2108 380 in

294 418 501 459 familiam
534 415 749 470 publicam
781 412 1038 454 transierant
1052 409 1098 464 ²).
1160 409 1250 450 Nec
1277 409 1459 462 singulis
1481 408 1792 462 sacerdotibus,
1824 407 1900 449 sed
1923 407 2106 460 collegio

283 486 494 527 ‘universo
533 483 691 538 publici
734 481 893 522 addicti
934 483 1073 531 erant,
1113 477 1167 518 ob
1207 490 1388 530 eamque
1426 489 1600 518 causam
1649 478 1787 517 allecti
1827 475 2024 517 dicuntur
2055 476 2112 516 ad

294 556 451 606 fratres
473 550 691 604 Arvales³)
721 554 762 591 ct
793 549 1050 600 adleguutur
1081 549 1155 586 aut
1185 557 1237 586 ex
1269 544 1420 586 litteris
1451 544 1594 585 missis
1627 544 1680 585 ab
1714 543 2043 598 imperatoribus
2066 542 2110 598 ⁴),

296 625 342 662 ut
386 625 428 662 et
474 621 590 674 ipsos
629 616 874 659 sacerdotes
916 615 970 657 ab
1014 614 1078 655 liis
1121 613 1439 654 commendatos
1481 625 1576 653 esse
1622 611 1928 667 videbimus-⁵),
1979 615 2052 653 aut
2087 623 2114 652 a

296 688 514 741 magistris
552 686 620 729 vel
657 683 955 740 promagistris
995 682 1166 735 collegii
1187 680 1231 735 ⁰),
1272 680 1354 721 nisi
1394 680 1503 721 forte
1544 679 1608 721 his
1648 680 1784 721 solum
1818 683 1909 721 erat
1947 679 2012 721 ius
2043 693 2114 734 pu-

295 756 431 797 blicos
473 769 549 809 pro
595 758 787 807 tempore
832 749 1133 793 substituendi.
1195 750 1346 802 Neque
1384 748 1547 802 publici
1588 747 1642 789 ad
1686 748 1913 801 collegium
1959 746 2114 789 adlecti

298 822 473 865 exibant
510 835 562 863 ex
601 821 806 862 universa
845 818 1011 860 familia
1051 817 1243 871 publica,
1278 817 1406 857 immo
1439 815 1502 857 ita
1532 816 1575 857 in
1607 829 1659 858 ea
1688 816 1938 870 manebant,
1979 819 2024 856 ut
2059 813 2115 856 ad

298 891 384 932 alia
415 890 682 944 publicorum
705 887 847 929 officia
867 885 1111 941 promoveri
1134 889 1327 938 possent,
1362 889 1406 925 ut
1429 884 1593 939 Carpus
1616 884 1811 939 publicus
1833 883 2117 938 Cornelianus

298 959 354 1000 ad
385 958 554 999 tabulas
586 955 856 1010 quaestorias
888 951 1239 995 transcribendas
1270 956 1492 1007 promotus
1525 957 1589 994 est
1610 952 1655 1007 ⁷).
1714 952 1946 994 Arvalibus
1977 954 2118 992 autem

299 1041 384 1067 non
412 1027 454 1066 in
482 1025 616 1066 sacris
647 1023 773 1065 modo
797 1021 955 1077 publici
977 1024 1148 1075 praesto
1172 1024 1305 1074 crant,
1340 1020 1415 1062 sed
1442 1020 1485 1061 in
1508 1020 1635 1062 rebus
1657 1033 1828 1074 quoque
1851 1019 2022 1073 collegii
2045 1018 2117 1060 ad-

298 1093 602 1147 ministrandis,
636 1092 749 1133 unde
778 1092 986 1144 publicum
1008 1103 1034 1130 a
1057 1091 1360 1130 commentariis
1391 1088 1482 1131 sive
1514 1091 1917 1130 commentariensem
1946 1088 1989 1129 in
2011 1087 2118 1129 actis

300 1163 532 1217 reperimus
553 1160 599 1215 Β).
661 1159 785 1210 Quod
833 1163 971 1200 autem
1014 1158 1249 1198 tabularius
1287 1159 1466 1198 rationis
1496 1157 1776 1212 kasti-ensis&
1823 1156 1978 1199 dicitur
2023 1167 2117 1196 cum

300 1230 481 1285 publicis
513 1228 726 1283 piaculum
760 1226 926 1281 fecisse,
959 1226 1003 1267 id
1036 1225 1206 1267 videtui·
1238 1225 1429 1267 indicare
1452 1224 1647 1280 publicos
1670 1225 1902 1268 Arvalibus
1924 1222 2119 1265 addictos

299 1310 606 1350 nonnunquam
644 1295 795 1337 codem
833 1299 1024 1348 tempore
1057 1293 1156 1334 aliis
1187 1293 1435 1336 muneribus
1467 1294 1636 1335 functos
1668 1307 1763 1336 esse
1786 1292 1857 1347 ¹⁰):
1889 1304 1991 1333 nam
2021 1290 2120 1331 licet

302 1365 545 1407 nominetur
583 1363 822 1405 tabularius
864 1374 914 1403 co
953 1362 1066 1415 loco,
1113 1374 1195 1414 quo
1241 1360 1463 1404 kalatores
1501 1363 1751 1417 plerumque
1797 1357 2119 1402 commemorari

301 1434 452 1488 solent,
483 1436 572 1473 tum
602 1444 679 1486 pro
712 1430 883 1485 publico
917 1429 1106 1471 officium
1137 1431 1378 1484 suscepisse
1409 1430 1590 1472 videtur.

416 1504 454 1542 S).
516 1500 747 1541 Kalatores
794 1512 816 1540 e
865 1499 1077 1540 contrario
1116 1498 1256 1540 liberti
1298 1503 1419 1540 erant
1459 1498 1513 1540 ab
1552 1499 1658 1554 ipsis
1697 1496 1888 1552 patronis
1920 1495 2122 1538 fratribus

302 1569 533 1613 Arvalibus
556 1567 612 1608 ad
636 1567 818 1608 officium
844 1567 1000 1609 vocati.
1063 1566 1114 1609 Id
1145 1580 1285 1621 pauca
1316 1579 1427 1619 quae
1459 1570 1687 1622 supersunt
1718 1564 1946 1607 ostendunt
1976 1578 2121 1606 eorum

303 1638 490 1692 nomina,
524 1649 617 1677 cum
649 1635 779 1676 Bittio
812 1635 993 1676 Proculo
1026 1635 1165 1690 primo
1197 1635 1356 1676 Bittius
1388 1634 1580 1687 Thallus,
1615 1634 1771 1676 deinde
1803 1632 1959 1675 Bittius
1995 1631 2120 1674 Calli-

304 1711 474 1760 stratus,
515 1703 695 1745 Hosidio
737 1707 878 1744 autem
911 1703 1046 1745 Getae
1077 1703 1284 1745 Hosidius
1315 1702 1535 1744 Achilleus
1567 1701 1786 1743 kalatores
1817 1700 1989 1742 fuerint.
2050 1700 2123 1742 Sa-

307 1774 467 1816 cerdoti
499 1776 639 1813 autem
672 1771 714 1811 in
745 1771 886 1812 locum
911 1771 1015 1824 eius,
1049 1771 1122 1825 qui
1153 1772 1222 1813 vel
1253 1775 1443 1812 mortuus
1476 1774 1567 1812 erat
1597 1770 1666 1812 vel
1699 1769 1862 1811 exierat
1892 1782 1945 1810 ex
1967 1767 2123 1821 officio,

306 1841 435 1882 alium
468 1839 726 1881 substituere
758 1839 926 1880 licebat.
981 1840 1071 1881 Iam
1104 1852 1206 1882 vero
1239 1839 1312 1892 qui
1341 1839 1551 1880 kalatoris
1584 1838 1771 1880 officium
1805 1836 2036 1891 obtinebat,
2070 1836 2123 1878 ob

307 1908 525 1950 introitum
563 1920 770 1948 summam
811 1906 1028 1960 quandam
1070 1907 1175 1949 dare
1214 1907 1399 1949 debebat
1436 1919 1563 1948 arcae
1595 1906 1778 1960 collegii,
1810 1918 1950 1959 neque
1982 1908 2127 1946 tamen

307 1991 400 2018 cum
433 1976 543 2017 alius
574 1975 628 2016 ab
659 1974 809 2016 eodem
833 1975 984 2017 Arvali
1005 1975 1177 2016 kalator
1200 1975 1536 2028 substitueretur,
1570 1975 1607 2017 ei
1633 1988 1801 2028 quoque
1831 1971 2126 2025 summalegi-

305 2046 410 2087 tinia
446 2043 676 2099 pendenda
712 2047 823 2097 erat,
861 2055 960 2084 nam
999 2042 1171 2084 kalator
1211 2055 1287 2097 pro
1328 2045 1566 2084 accessione
1602 2043 1841 2085 habebatur
1879 2040 2125 2092 sacerdotis,

307 2125 508 2166 annoque
542 2112 623 2153 120
644 2111 925 2152 decreverunt
954 2111 1137 2153 Arvales
1168 2112 1294 2151 semel
1323 2112 1372 2151 ob
1403 2114 1615 2152 introitum
1646 2113 1797 2164 inferri
1829 2109 2005 2165 [debere‚
2034 2111 2127 2149 licet

307 2183 416 2222 alius
445 2179 627 2235 ka]lator
660 2181 711 2220 ub
743 2180 882 2219 eodem
912 2180 1130 2220 sacerdote
1159 2180 1476 2220 substitueretur
1494 2179 1557 2234 ¹¹).
1604 2178 1711 2221 Inde
1741 2178 1840 2220 licet
1871 2176 2127 2219 concludere

307 2249 490 2302 singulis
522 2248 725 2290 fratribus
748 2251 919 2301 praesto
943 2247 1076 2288 fuisse
1097 2247 1318 2288 kalatores
1340 2247 1536 2300 singulos
1559 2247 1613 2288 ab
1637 2246 1742 2301 ipsis
1765 2250 1944 2302 creatos,
1969 2244 2126 2298 quique

307 2317 351 2357 in
390 2317 496 2357 actis
528 2329 658 2370 saepe
696 2315 922 2357 traduntur
960 2314 1133 2369 piacula
1174 2315 1327 2357 fecisse
1369 2316 1421 2357 ob
1464 2316 1622 2357 ferrum
1660 2315 1838 2356 inlatum
1870 2313 1938 2355 vel
1969 2313 2127 2354 elatum

308 2385 543 2440 scripturae
587 2389 627 2425 ct
671 2384 912 2438 scalpturae
960 2383 1180 2436 magistcri
1227 2383 1407 2425 alicuius
1453 2383 1752 2438 consummati,
1809 2395 1882 2424 eos
1934 2381 2125 2435 ipsorum

308 2452 620 2506 magistrorum,
654 2451 706 2492 de
729 2465 908 2504 quorum
931 2451 1038 2492 actis
1060 2451 1216 2506 agitur,
1240 2450 1459 2492 kalatores
1482 2451 1616 2492 fuisse
1638 2450 1834 2504 exemplo
1857 2447 2128 2490 confirmatur

308 2519 475 2561 Hosidii
507 2519 702 2574 Achillei,
736 2519 807 2572 qui
841 2519 892 2560 ob
926 2519 1218 2571 magisterium
1251 2518 1421 2560 Hosidii
1455 2519 1591 2561 Getae
1623 2518 1838 2572 piaculum
1869 2516 1970 2558 fecit
1992 2514 2055 2569 ¹¹).

407 2656 428 2701 ¹)
458 2657 507 2690 cf.
541 2660 626 2690 acta
666 2655 802 2690 aetatis
838 2655 934 2697 Titi,
967 2654 1183 2697 Domitiani,
1256 2658 1294 2689 et
1319 2666 1340 2689 a
1377 2656 1457 2696 219,
1484 2656 1516 2690 5.
1579 2654 1712 2689 scriba
1745 2653 1895 2697 collegii
1935 2651 2127 2686 Arvalium

309 2714 502 2749 Hadriani.
1252 2724 1473 2758 quamquam
1523 2712 1708 2747 admissus
1752 2723 1774 2746 a
1813 2710 1972 2745 Marinio
2017 2709 2126 2751 (Arv-

403 2772 429 2815 2)
457 2772 503 2806 cf.
531 2773 735 2806 Mommsen
761 2772 979 2806 Staatsreclzt
998 2772 1016 2806 1
1044 2782 1077 2817 p.
1097 2772 1180 2806 252.
1251 2782 1285 2815 p.
1305 2773 1406 2804 XXII
1436 2773 1473 2804 et
1498 2772 1580 2810 810)
1607 2774 1644 2804 et
1673 2768 1925 2814 Marquardtio
1954 2767 2011 2810 (R.
2031 2767 2072 2799 A.
2092 2765 2127 2800 4.

408 2830 435 2874 ⁸)
464 2841 495 2864 a.
522 2831 566 2865 87
594 2842 627 2875 p.
646 2832 678 2872 2,
701 2830 754 2865 14.
1253 2840 1287 2873 p.
1305 2829 1389 2871 411)
1417 2828 1525 2862 titulo
1554 2828 1712 2862 debetur
1736 2827 1863 2873 spurio
1899 2825 2066 2867 (Reiues.
2094 2826 2129 2861 1.

404 2888 432 2931 ⁴)
460 2901 490 2922 a.
523 2890 588 2923 101
621 2889 698 2922 tal).
724 2889 758 2930 2,
784 2888 805 2922 Γ)
824 2899 950 2933 seqq.;
987 2888 1054 2923 118
1085 2898 1120 2932 p.
1146 2888 1179 2929 2,
1251 2887 1337 2928 157;
1358 2886 1492 2920 Marini
1511 2886 1585 2922 tab.
1603 2886 1729 2920 LXIV
1744 2896 1789 2919 ex
1805 2895 1923 2929 eoque
1940 2883 2001 2918 Or.
2016 2882 2127 2923 243&

316 2947 361 2981 22
381 2957 484 2991 seqq.
1252 2945 1298 2978 cf.
1325 2944 1532 2978 Mommsen
1561 2943 1590 2978 1.
1617 2944 1663 2979 N.
1691 2943 1758 2978 697
1775 2942 1825 2984 ὕ).

409 3005 434 3049 ⁵)
463 3005 507 3038 cl'.
537 3004 581 3037 ad
611 3006 695 3038 acta
723 3004 1015 3049 cooptationum.
1351 3003 1377 3044 ⁹)
1405 3013 1436 3036 a.
1464 3002 1574 3044 2181»,
1601 3002 1657 3036 40.
1685 3001 1741 3036 42.

406 3065 433 3105 ⁶)
461 3075 492 3097 a.
533 3061 617 3103 155,
654 3062 698 3097 64
726 3073 850 3106 scqq.·‚
890 3062 935 3097 cf.
972 3073 1100 3098 comm.
1136 3060 1182 3096 ad
1351 3060 1393 3103 ¹⁰)
1422 3059 1467 3094 cf.
1501 3063 1622 3094 tamen
1656 3069 1785 3095 comm.
1812 3057 1857 3092 ad
1886 3060 1972 3091 acia
1998 3054 2124 3102 piacu-

316 3125 401 3157 acta
426 3120 648 3154 adlectionis
676 3124 713 3154 ct
739 3119 1028 3154 substitutionis.
1255 3118 1368 3153 lorum
1397 3117 1443 3152 ob
1472 3117 1556 3152 ferri
1585 3117 1799 3151 inlationem
1828 3115 2018 3149 sactorum.

407 3179 433 3223 ⁷)
464 3190 495 3213 a.
530 3179 604 3219 155,
632 3179 676 3214 64
695 3190 799 3223 seqq.
1350 3175 1392 3217 ¹¹)
1419 3186 1452 3212 a.
1479 3176 1557 3218 120,
1583 3174 1734 3210 45—48.

406 3236 433 3281 ⁸)
462 3247 493 3271 a.
525 3236 640 3279 214a,
666 3237 780 3278 4.11;
807 3238 875 3271 218
890 3237 919 3278 b,
942 3237 1006 3279 303
1038 3237 1118 3279 220,
1142 3237 1182 3278 8;
1350 3233 1391 3279 ¹²)
1419 3233 1464 3269 cf.
1494 3244 1526 3270 a.
1554 3233 1630 3275 120,
1657 3231 1808 3268 57—61.
