2340 3658
557 278 587 301 c.
628 265 808 301 Sacrifieii
837 264 917 300 dies
949 263 1091 299 tertius.
1141 289 1145 295 .
1185 290 1191 297 .
1232 290 1238 298 .
1278 290 1285 297 .
1326 287 1332 294 .
1420 289 1427 296 .
1467 288 1474 295 .
1514 287 1521 295 .
1562 287 1568 295 .
1608 287 1615 296 .
1655 287 1663 294 .

627 326 658 360 1.
708 334 825 359 annus
851 326 886 357 et
912 322 1004 358 dies.

626 384 658 419 2.
707 383 823 418 locus.

627 444 659 476 3.
710 441 805 475 ratio
832 441 940 476 sacri.

710 499 766 534 De
779 499 853 534 ritu
867 498 1009 533 libandi
1024 497 1160 541 fruges.
1180 515 1219 521 —
1236 497 1292 531 De
1307 495 1542 543 lampadibus
1555 497 1719 532 incensis

710 557 970 602 contactisque
996 554 1212 591 tuscanicis.

627 618 660 654 4.
709 617 940 662 praesentes.

559 732 593 769 d.
631 732 687 767 De
707 730 887 778 sportulis
903 730 1036 765 diebus
1053 729 1210 774 singulis
1229 729 1440 765 distributis
1459 729 1580 777 deque
1600 731 1721 767 accla-

630 789 856 825 mationibus
883 790 920 825 in
945 788 1016 824 fine
1042 789 1231 835 epulorum
1262 788 1414 824 usitatis
1417 816 1720 826 .......

561 919 591 942 e.
632 906 784 942 Sacrum
819 904 1010 940 Arvalium
1046 915 1129 939 num
1161 916 1228 951 pro
1261 904 1391 940 eodem
1424 905 1633 941 habendum
1673 906 1724 941 sit

631 967 742 1010 atque
768 963 1003 999 Ambarvalia
1007 990 1723 1001 ................

630 1024 876 1069 Respondent
901 1025 1059 1069 tempus,
1087 1022 1204 1065 locus,
1231 1023 1333 1058 ritus.
1363 1042 1403 1048 -
1432 1023 1489 1059 De
1506 1023 1615 1059 Festi
1639 1023 1724 1059 loco

632 1081 875 1117 emendando.

363 1200 418 1242 ΙΙ.
479 1197 845 1242 SAGRIFICIUM
877 1197 1110 1242 FACTUM
1151 1196 1224 1240 OB
1261 1197 1673 1242 AUGUSTALIA..
1720 1233 1726 1241 .

486 1271 515 1304 1.
566 1279 682 1303 annus
710 1272 748 1303 et
774 1267 866 1302 dies.

484 1329 516 1364 2.
565 1329 659 1363 ratio
687 1332 725 1362 et
750 1327 855 1362 locus
882 1325 1068 1361 sacrificii.

568 1388 623 1422 De
642 1387 874 1421 institutione
891 1384 1163 1429 Augustalium.
1182 1405 1219 1410 ——
1237 1386 1293 1421 De
1313 1386 1419 1430 divis,
1439 1387 1572 1433 quibus
1591 1387 1638 1422 ob
1651 1388 1727 1422 Au-

569 1446 732 1491 gustalis
757 1443 916 1480 Arvales
942 1443 1231 1479 immolaverunt.

488 1507 520 1542 3.
572 1508 803 1551 praesentes.

345 1623 422 1665 ΙΙΙ.
483 1622 802 1666 SACRIFICIA
834 1623 1267 1667 ANNIVERSARIA
1305 1623 1493 1667 FACTA
1533 1622 1605 1666 OB
1642 1624 1735 1666 NA-

484 1691 668 1734 TALES
699 1691 1110 1747 AUGUSTORUM,
1143 1691 1551 1746 AUGUSTARUM,
1584 1693 1735 1735 PRIN-

485 1761 661 1804 CIPUM
690 1760 886 1805 DOMUS
917 1761 1248 1816 AUGUSTAE3
1285 1761 1426 1803 ITEM
1463 1760 1536 1803 OB
1567 1759 1736 1804 ADOP—

485 1828 707 1872 TIONEM
739 1829 989 1874 NERONIS
993 1861 1677 1873 ................
1723 1863 1729 1868 .

538 1898 727 1933 Elenchus
754 1899 971 1946 principum,
1000 1909 1152 1945 quorum
1179 1898 1323 1933 natales
1343 1900 1675 1932 commemorantur
1700 1897 1736 1931 in

541 1957 634 1991 actis
654 1957 932 2003 superstitibus,
959 1957 1166 2003 quibusque
1186 1956 1318 1992 diebus
1345 1967 1453 1991 sacra
1478 1966 1602 1991 eorum
1621 1966 1735 1990 causa

540 2015 639 2050 facta
662 2016 746 2050 sint.

527 2075 558 2109 1.
609 2086 725 2110 annus
753 2079 791 2111 et
817 2075 909 2111 dies.

528 2133 559 2168 2.
611 2133 726 2168 loeus.

609 2193 666 2227 De
693 2194 832 2240 templo
860 2203 955 2228 novo
983 2193 1058 2228 divi
1085 2194 1257 2238 Augusti.

530 2252 561 2287 3.
613 2251 876 2288 sacrificiorum
904 2253 1011 2288 ratio.

615 2309 757 2354 Quibus
784 2311 994 2347 numinibus
1021 2312 1246 2347 immolatum
1274 2312 1333 2347 sit.

529 2372 562 2407 4.
612 2373 846 2417 praesentes.

355 2487 426 2530 IV.
488 2486 855 2531 SACRIFICIUM
894 2486 1373 2530 ANNIVERSARIUM
1409 2485 1641 2530 FACTUM
1673 2485 1746 2529 OB

496 2555 1015 2601 CONSECRATIONEM
1045 2555 1226 2598 DIVAE
1257 2555 1596 2600 AUGUSTAE..
1634 2587 1640 2594 .
1681 2587 1687 2594 .
1734 2588 1742 2596 .

386 2684 438 2726 V.
497 2682 864 2727 SACRIFICIUM
895 2682 1374 2725 ANNIVERSARIUM
1410 2682 1644 2725 FACTUM
1675 2681 1748 2725 OB

495 2751 805 2795 MEMORIAM
840 2751 911 2793 TI.
943 2751 1218 2794 CAESARIS
1220 2782 1692 2795 ...........
1738 2781 1744 2787 .

359 2890 432 2932 VI.
492 2888 859 2933 SACRIFICIUM
891 2885 1370 2931 ANNIVERSARIUM
1408 2882 1639 2926 FACTUM
1678 2881 1751 2925 OB

500 2958 806 3002 MEMORIAM
837 2957 1066 3001 DOMITII
1097 2955 1301 2999 PATRIS
1331 2952 1592 2997 NERONIS-
1637 2983 1644 2990 .
1685 2982 1692 2990 .
1739 2984 1746 2991 .

541 3029 569 3062 1.
622 3037 739 3062 annus
768 3029 806 3061 et
832 3025 924 3061 dies.

539 3087 571 3122 2.
622 3086 738 3121 loeus.

540 3147 571 3180 3.
623 3145 717 3179 ratio
745 3143 931 3179 sacrificii.

541 3203 572 3240 4.
624 3206 854 3251 praesentes.

1947 789 2088 826 45-46

1949 964 1996 1001 46
2007 947 2090 1001 -4'8

1950 1201 2093 1240 49—50

1957 1833 2098 1882 51—58

2061 2559 2107 2593 59

1971 2951 2014 2986 61
2024 2953 2112 2988 -62
