2340 3658
949 144 1031 208 dies
1056 170 1253 208 secundus.
1946 172 1999 214 19

199 291 256 333 ad
280 302 390 333 aram
414 289 514 331 deae
538 289 642 329 Diae
667 289 772 328 facto
800 287 897 327 satis
925 287 1176 338 significetur.
1206 309 1251 315 —
1281 285 1395 326 Solet
1419 291 1548 326 autem
1569 287 1680 326 loeus
1708 287 1885 338 proxime
1905 291 1999 336 post
2014 287 2023 296 ⁴

95 346 101 359 ²
142 372 145 377 Δ
200 355 304 395 diem
327 353 552 404 adscriptus
579 364 687 392 esse:
711 350 1119 402 praeterquam-quod
1138 349 1337 390 sbdomus
1350 349 1532 400 magistri
1545 349 1716 399 additur,
1745 362 1794 388 ea
1813 355 1999 400 separata

199 418 282 456 fere
307 416 469 468 ponitur
492 416 533 455 in
557 416 634 455 fine
661 419 849 455 actorum.
872 434 924 443 -—·
949 413 1083 453 Locus
1109 418 1270 453 notatur
1294 413 1372 453 sie:

201 492 270 546 [27
310 490 381 548 38]
429 491 509 534 105
561 491 640 534 118

270 548 353 592 119
385 548 467 591 120
498 548 578 591 183
644 499 662 639 ξ
692 547 738 590 in
766 546 861 590 luno
892 545 1000 591 deae
1028 545 1137 589 Diae
1158 545 1202 599 ¹).

255 605 492 659 [INOERT.
517 603 570 663 B]

663 675 693 719 ¹)
717 702 728 711 .
753 699 763 708 .
787 699 797 708 .
822 683 894 709 neo
918 671 1012 708 deae
1036 671 1111 708 Dia
1134 699 1143 709 .
1167 672 1233 713 273
1259 694 1587 708 ..........
1613 681 1657 705 ae
1682 671 1738 706 38.

192 734 258 778 ⁰40
664 732 722 776 ad
751 731 877 775 deam
904 731 1044 774 Diam.

197 802 255 845 59
283 801 339 845 69
369 799 454 859 [72]
665 803 781 844 loeus
807 814 891 847 noa
918 801 1141 842 indicatur.

199 870 252 912 81
662 870 707 912 in
736 869 832 912 luco
861 868 971 912 deae
998 868 1108 911 Diae
1137 871 1181 911 et
1210 866 1337 911 domi.

198 938 252 981 87
285 936 434 996 [DOM.
456 938 489 982 C
518 930 602 982 213
662 938 708 981 in
750 939 846 980 luco
888 937 996 980 deae
1040 936 1149 980 Diae
1193 943 1232 978 et
1275 938 1318 977 in
1359 937 1461 989 fine.-
1503 937 1663 978 Romae
1709 935 1835 977 domo
1880 932 1997 989 apud

253 1004 352 1059 218]
427 1045 434 1051 .
712 1005 1000 1062 mag-(istrum)
1022 1005 1067 1061 ¹).

660 1077 681 1119 ¹,
712 1102 720 1111 .
746 1102 756 1109 .
780 1103 791 1112 .
825 1085 895 1110 neo
933 1075 1030 1117 eius,
1069 1074 1294 1109 antecedente
1328 1075 1466 1108 nomine
1502 1073 1588 1107 deae
1617 1073 1728 1114 Diae,
1762 1079 1795 1106 et
1831 1072 1871 1105 in
1896 1072 1994 1116 fine.-

730 1121 861 1158 eadem
877 1122 939 1157 die
955 1122 1097 1157 Romae
1125 1124 1216 1168 aput
1231 1121 1350 1166 magis
1378 1147 1387 1155 .
1403 1147 1413 1156 .
1429 1147 1439 1154 .
1462 1120 1584 1156 DOM„
1602 1119 1651 1161 C;
1679 1139 1718 1144 ——
1737 1120 1859 1165 fracto
1877 1118 1997 1161 lapide

725 1171 852 1205 desum
876 1171 984 1204 verba
1005 1169 1043 1204 in
1068 1169 1153 1204 luco
1178 1176 1255 1210 cet„
1290 1170 1330 1203 in
1355 1170 1434 1214 fine
1470 1174 1588 1202 autem
1610 1173 1692 1201 sunt
1717 1167 1822 1201 haee:
1860 1164 1994 1199 deiude

726 1217 868 1252 Romae
892 1217 931 1252 in
956 1215 1065 1251 domo
1091 1217 1185 1251 illius
1209 1215 1295 1258 2133
1321 1235 1363 1242 -
1390 1241 1399 1250 .
1425 1241 1433 1249 .
1460 1241 1469 1250 .
1495 1242 1504 1252 .
1528 1225 1571 1250 us
1596 1214 1736 1250 Romae
1762 1237 1966 1250 ........
1983 1212 1995 1247 i

731 1267 769 1299 et
793 1265 831 1299 in
856 1264 965 1300 domu
989 1264 1087 1299 illius
1110 1264 1191 1300 218.

874 1447 915 1490 3.
972 1446 1125 1490 Ratio
1162 1446 1311 1489 sacri.

301 1572 417 1614 Sacri
455 1573 532 1611 diei
566 1573 727 1612 alterius
754 1584 842 1612 eum
868 1576 948 1611 tres
974 1573 1221 1623 potissimum
1248 1571 1393 1610 fuerint
1418 1575 1565 1621 partes,
1607 1582 1707 1620 quae
1747 1576 1838 1610 sunt
1877 1572 1995 1610 saeri-

197 1637 324 1677 finium
364 1648 523 1675 vaceae?
552 1638 668 1676 albae
703 1635 937 1675 honorariae
975 1646 1100 1687 prope
1142 1646 1250 1673 aram
1285 1634 1384 1673 deae
1418 1634 1519 1672 Diae
1553 1638 1643 1671 ante
1669 1634 1817 1683 lucum,
1850 1635 1996 1674 sacrifi·

197 1701 453 1750 eium·aguae
479 1700 635 1750 opimae
659 1700 700 1738 in
724 1699 815 1738 luco
841 1700 881 1738 in
909 1699 1008 1738 aede
1041 1698 1139 1737 deae
1170 1698 1291 1746 Diae,
1316 1696 1402 1735 ludi
1434 1697 1650 1745 circenses,
1686 1696 1725 1735 in
1760 1698 1860 1737 actis
1897 1699 1995 1738 anti-

199 1763 403 1816 quioribus
438 1762 594 1801 brevius
627 1762 831 1812 conceptis
865 1761 940 1800 hae
973 1761 1232 1800 caerimoniae
1261 1760 1372 1799 solae
1399 1760 1538 1811 paucis
1566 1760 1801 1809 indicantur,
1829 1761 1868 1799 in
1896 1762 1995 1800 actis

197 1839 233 1871 a.
253 1828 304 1869 40
329 1826 429 1866 adeo
462 1826 588 1864 solum
615 1828 939 1864 commemoratur
970 1825 1203 1864 sacrificium
1237 1834 1397 1862 vaceae.
1449 1823 1562 1862 Alibi
1589 1823 1758 1873 additur,
1804 1824 1912 1874 quod
1954 1825 1996 1864 fit

107 1883 124 1893 ⁶
199 1893 409 1940 antequam
436 1900 562 1928 vacca
576 1887 854 1937 immolaretur,
882 1887 1113 1927 sacrificium
1129 1887 1331 1938 piaculare
1351 1886 1513 1924 duarum
1532 1898 1739 1936 porcarum
1757 1891 1848 1926 ante
1868 1888 1995 1926 lucum

197 1953 252 2003 ad
277 1964 383 1991 aram
411 1951 508 1990 deae
537 1951 651 2000 Diae,
677 1951 770 1989 item
796 1961 897 1990 cena
924 1955 1014 2000 post
1042 1962 1196 1990 sacrum
1222 1949 1376 1988 Romae
1402 1950 1443 1988 in
1470 1949 1585 1987 domo
1611 1950 1802 1999 magistri.
1854 1950 1996 1990 Partes

197 2015 375 2067 singulae
395 2015 498 2054 sacri
516 2013 630 2064 ipsae
647 2014 826 2065 pluribus
853 2013 1100 2054 caerimoniis
1125 2013 1403 2052 consistebant
1428 2016 1471 2051 et
1496 2024 1583 2051 eum
1610 2012 1736 2063 epulis
1765 2013 1997 2053 coniunctae

195 2084 320 2119 erant.
370 2078 483 2117 Haec
512 2077 642 2117 omnia
666 2088 744 2129 quo
770 2076 909 2132 melius
942 2076 1243 2126 intellegantur,
1271 2076 1484 2127 separatim
1524 2076 1680 2126 singula
1718 2077 1912 2115 enarrabo
1955 2083 1996 2117 et

197 2141 463 2245 eXPhchsssst-im
489 2204 709 2242 universum
734 2214 827 2242 raro
853 2202 1068 2242 indicatur:
1095 2202 1204 2254 quod
1230 2203 1295 2241 ubi
1320 2203 1375 2252 fit,
1403 2206 1495 2242 acta
1520 2206 1714 2252 concepta
1741 2207 1831 2242 sunt
1856 2203 1932 2242 sie:

196 2280 249 2324 87
283 2278 370 2338 [89]
657 2277 811 2321 fratres
840 2277 1022 2322 Arvales
1053 2277 1160 2321 deae
1190 2277 1299 2320 Diae
1328 2276 1579 2320 sacrificium
1609 2276 1799 2319 fecerunt
1820 2276 1864 2330 ¹).

662 2347 691 2390 ¹)
716 2374 726 2383 .
751 2373 760 2381 .
785 2374 795 2383 .
817 2349 896 2382 tres
934 2346 1094 2382 Arvales
1131 2345 1224 2381 deae
1262 2346 1357 2381 Diae
1394 2356 1438 2381 sa
1462 2371 1714 2382 ........
1739 2356 1774 2380 m
1798 2346 1924 2381 feeeru
1950 2373 1958 2380 .
1986 2373 1994 2380 .

728 2406 790 2446 89;
818 2406 982 2440 similiter
1003 2406 1142 2440 videtur
1166 2406 1336 2451 seriptum
1347 2406 1469 2450 fiai-ue
1493 2406 1531 2438 in
1555 2405 1643 2438 actis
1661 2417 1694 2438 a.
1715 2404 1774 2447 90,
1799 2406 1859 2439 ubi
1876 2406 1996 2450 lapide

717 2454 840 2498 fracto
863 2465 907 2488 ea
923 2465 1016 2497 pare
1039 2454 1148 2488 deese.

198 2511 347 2565 [DOM.
369 2511 417 2565 C]
665 2510 847 2570 [sacrum
876 2510 984 2555 deae
1013 2510 1123 2554 Diae
1153 2510 1197 2553 in
1224 2508 1337 2568 l]ueo
1368 2510 1458 2554 eius
1487 2510 1731 2566 magisterio
1766 2511 1901 2561 illius,
1931 2512 1998 2552 vel

715 2582 933 2629 simulem
960 2581 1082 2622 nimis
1101 2581 1207 2621 enim
1228 2585 1443 2634 anqnssum
1470 2582 1649 2634 spatium
1678 2586 1738 2621 est
1764 2593 1885 2634 quam
1916 2594 1994 2634 quo

717 2650 1004 2703 comprehendi
1034 2650 1200 2704 possi-nt
1226 2649 1353 2691 verba
1387 2662 1492 2706 quae
1529 2649 1716 2691 exhibent
1747 2654 1843 2690 acta
1873 2662 1912 2689 a.
1936 2649 1994 2691 87

716 2723 756 2760 et
785 2718 856 2760 89.

530 2924 565 2946 α.
613 2910 807 2948 uermeim
830 2919 1003 2958 poreamn
1025 2911 1236 2958 piacularium
1259 2913 1293 2948 et
1315 2921 1437 2948 vaceae
1461 2911 1666 2948 honum-ine.

299 3012 542 3054 Sacrificium
575 3027 782 3065 porcarum
813 3015 1089 3067 piacularium,
1122 3017 1215 3055 lieet
1248 3017 1325 3056 iam
1357 3018 1397 3056 in
1424 3020 1517 3056 acta
1541 3029 1576 3056 a.
1596 3017 1645 3055 58
1673 3017 1801 3067 possit
1825 3016 1990 3054 relatum

198 3076 332 3126 fuisse,
358 3077 398 3115 in
424 3079 524 3118 actis
551 3083 681 3118 tamen
699 3090 799 3130 quae
819 3085 1029 3130 supersunt
1046 3080 1211 3130 primum
1230 3092 1331 3119 anno
1359 3082 1408 3119 59
1429 3084 1768 3127 ‘commemoratum
1797 3079 1846 3117 ab
1867 3090 1991 3129 eoque

196 3139 290 3178 inde
313 3144 491 3192 tempore
524 3145 753 3181 constanter
791 3141 873 3181 eius
912 3143 1058 3182 mentio
1096 3143 1136 3182 in
1176 3143 1275 3181 actis
1318 3146 1428 3182 extat
1466 3154 1539 3180 nee
1578 3142 1654 3180 nisi
1692 3141 1827 3191 lapide
1866 3142 1991 3179 fracto

198 3213 369 3254 unquam
395 3203 518 3243 deest.
575 3203 658 3244 Cur
682 3212 829 3256 porcae
853 3205 1075 3244 immolatae
1103 3205 1203 3256 sint,
1235 3206 1276 3244 in
1303 3206 1402 3245 actis
1429 3217 1530 3259 quae
1559 3209 1771 3255 supersunt
1796 3215 1875 3242 non
1903 3207 1991 3243 ante

199 3275 235 3304 a.
253 3263 301 3304 87
328 3265 552 3307 adnotatur.
604 3268 714 3308 Aeta
738 3273 868 3308 antem
894 3269 951 3309 sie
979 3273 1174 3319 concepta
1198 3272 1308 3308 sunt:

1658 3330 1685 3374 2
1700 3329 1727 3356 ηε
