2340 3658
650 771 987 833 ADDENDA
1027 772 1114 833 ET·
1156 772 1610 833 CORRIGENDA.

227 929 263 964 p.
285 918 358 952 XII
383 917 406 955 l.
425 918 488 953 18:
517 917 755 962 fragmentum
784 917 974 952 CLAVD.
1002 916 1036 950 A
1056 916 1127 951 iam
1152 921 1318 962 tempore
1345 918 1552 963 antiquiore
1580 917 1753 952 effossum
1779 927 1822 951 ac
1841 915 2037 961 Neapolim

429 976 476 1011 ad
500 977 708 1011 Pontanum
737 974 897 1009 delatum
924 978 1000 1018 θεῖς
1028 975 1074 1011 cf.
1101 986 1135 1021 p.
1155 975 1259 1010 LIV.

228 1047 264 1082 p.
284 1036 447 1071 XXXIV
475 1035 515 1071 fr.
542 1048 559 1070 e
585 1046 615 1070 v.
642 1036 664 1070 3
687 1034 789 1079 lege:
816 1034 1002 1068 Arvalium
1026 1029 1178 1067 nemine.

226 1105 262 1140 p.
281 1094 481 1129 XXXVIII
505 1093 541 1128 in
569 1096 656 1128 nota
682 1094 701 1127 1
728 1093 830 1137 lege:
856 1099 1061 1137 nuncupata
1087 1103 1161 1126 esse
1187 1099 1269 1127 acta
1294 1095 1364 1126 cet.

227 1163 262 1198 p.
282 1153 447 1188 XXXIX
474 1152 510 1186 in
536 1151 661 1186 indice
687 1153 873 1186 auctorum
900 1153 989 1197 post
1013 1151 1207 1185 Marinium
1234 1150 1373 1185 insere:
1400 1151 1575 1196 inscriptt.
1602 1157 1681 1187 vett.
1707 1163 1796 1196 quae
1820 1152 1857 1184 in
1885 1151 1926 1184 R.
1955 1151 2037 1184 Mu-

427 1223 483 1246 seo
508 1211 702 1245 Borbonico
728 1211 967 1245 adservantur
993 1209 1164 1253 (Neapoli
1188 1210 1293 1253 1857)
1321 1208 1343 1242 Ι
1366 1222 1401 1243 π.
1426 1210 1503 1245 110.

225 1279 261 1314 p.
281 1269 371 1304 XLI
398 1269 434 1304 in
460 1269 599 1315 pagina
623 1269 646 1303 2
671 1271 781 1303 notae
808 1268 832 1303 1.
858 1269 880 1305 6
904 1278 971 1314 pro
996 1269 1043 1304 38
1068 1267 1190 1303 scribe
1217 1269 1273 1304 39.

226 1337 262 1372 p.
281 1327 552 1365 XLV111.not.
578 1328 600 1361 3
626 1326 766 1361 scribe:
794 1327 839 1371 ef.
864 1333 1043 1361 commenl.
1070 1327 1112 1360 de
1136 1327 1322 1372 sacrificiis
1347 1327 1605 1362 anniversariis
1626 1340 1663 1372 p.
1683 1327 1737 1363 73.

225 1396 262 1431 p.
279 1385 407 1421 XLIX
432 1388 510 1421 not.
536 1386 559 1421 3
585 1385 728 1420 scribe:
754 1386 799 1430 cf.
825 1398 858 1419 a.
884 1385 960 1420 Gssc
981 1397 1020 1429 p.
1039 1385 1071 1427 l,
1098 1386 1131 1420 2.

227 1455 261 1490 p.
279 1444 311 1478 L
340 1447 414 1479 not.
441 1454 526 1491 pag.
544 1444 567 1478 2
591 1443 613 1478 l.
640 1444 662 1478 6
687 1443 829 1478 scribe:
856 1444 1040 1477 Drusillae
1066 1444 1121 1478 vel
1149 1443 1351 1478 Caesoniae.

224 1513 260 1548 p.
286 1502 359 1537 LII
387 1506 480 1539 not:
519 1501 618 1549 quod
645 1501 791 1537 admitti
817 1512 930 1548 posse
958 1501 1036 1536 dixi
1062 1503 1283 1537 sententiam
1311 1502 1529 1537 Mommseni
1557 1502 1602 1537 de
1628 1502 1834 1547 fragmento
1860 1502 1907 1537 ad
1934 1514 1964 1538 a.
1990 1504 2035 1540 37

429 1561 644 1603 referendo,
672 1571 861 1607 perperam
889 1561 971 1595 feci.
1025 1560 1145 1607 Caput
1172 1561 1285 1604 enim,
1313 1573 1384 1607 quo
1412 1561 1451 1597 C.
1480 1561 1677 1596 Caesarem
1704 1562 1912 1606 Augustum
1939 1572 2036 1596 com·

426 1619 620 1655 memorari
653 1619 862 1659 existimat,
899 1630 978 1653 cum
1011 1619 1249 1654 indictionem
1285 1620 1382 1655 sacri
1408 1620 1573 1666 proxime
1600 1624 1786 1665 sequatur,
1819 1620 1865 1654 ad
1892 1620 2034 1666 priores

431 1681 532 1713 certe
561 1689 708 1713 menses
734 1678 819 1713 anni
845 1678 1021 1724 pertinet;
1056 1688 1124 1712 nec
1151 1681 1279 1724 potest
1304 1679 1335 1712 is
1365 1689 1449 1713 esse
1475 1689 1591 1713 annus
1610 1679 1666 1721 37,
1693 1689 1772 1714 cum
1799 1678 1923 1724 paullo
1948 1683 2034 1724 post

424 1736 561 1772 mentio
593 1736 658 1772 fiat
689 1736 819 1783 templi
854 1737 940 1772 novi
975 1736 1061 1771 Divi
1094 1737 1272 1780 Augusti.
1308 1735 1403 1782 quod
1439 1741 1485 1771 ab
1519 1737 1602 1782 ipso
1635 1737 1777 1772 demum
1805 1736 1844 1772 C.
1873 1736 2034 1772 Caesare

428 1794 640 1830 dedicatum
667 1798 735 1831 est.
786 1795 959 1830 Tiberius
987 1798 1110 1830 autem
1136 1794 1303 1830 decessit
1329 1806 1361 1831 a.
1388 1794 1421 1829 d.
1448 1794 1544 1830 XVI
1570 1796 1603 1830 k.
1630 1795 1792 1842 Apriles.

223 1863 258 1898 p.
278 1852 371 1887 LVI
395 1852 433 1887 iu
457 1853 619 1896 margine
646 1853 748 1888 dele:
775 1867 808 1891 a.
832 1854 918 1890 43—
926 1855 983 1890 48.

222 1922 257 1957 p.
275 1911 408 1946 LVIII
433 1923 466 1947 v.
491 1912 538 1947 22
563 1912 686 1947 scribe
713 1925 931 1956 quaesumus.

222 1980 258 2015 p
278 1969 387 2004 LIX:
417 1970 659 2015 fragmentum
687 1970 868 2007 CLAVD.
894 1973 927 2007 D
963 1972 1220 2007 videturesse
1247 1970 1372 2017 paullo
1398 1970 1585 2016 antiquius
1619 1970 1823 2014 fragmento
1850 1970 2034 2006 CLAVD.

423 2027 465 2070 C,
492 2039 573 2063 cum
600 2029 636 2064 in
662 2030 731 2065 hoc
758 2031 924 2073 Arvales,
950 2031 1013 2076 qui
1040 2029 1246 2072 adfuerunt,
1274 2029 1428 2064 formula
1454 2029 1672 2064 inducantur
1698 2039 1791 2073 quae
1818 2034 1877 2063 est
1902 2031 1940 2063 in
1965 2030 2032 2063 col-

423 2087 510 2133 leqio
529 2088 732 2132 adfuerunt,
759 2089 795 2123 in
820 2089 884 2123 illo
911 2089 1128 2135 simpliciter
1153 2089 1295 2133 legatur
1320 2088 1468 2123 verbum
1496 2088 1707 2133 adfuerunt:
1733 2087 1796 2122 illa
1820 2091 1941 2122 autem
1961 2088 2032 2122 for—

426 2144 523 2180 mula
548 2145 714 2191 pleniore
749 2147 786 2182 in
821 2147 917 2182 aetla
949 2148 1086 2182 aetatis
1118 2150 1243 2182 certae
1270 2158 1340 2182 non
1367 2149 1514 2182 utuntur
1539 2145 1700 2180 Arvales
1736 2149 1821 2182 aute
1848 2157 1878 2181 a.
1906 2147 1962 2181 55.
1991 2166 2032 2172 —

421 2203 463 2238 In
489 2204 653 2248 margine
679 2216 713 2250 p.
733 2206 820 2241 LIX
847 2206 946 2244 dele:
973 2220 1004 2242 a.
1031 2207 1183 2243 50-54.

221 2271 245 2306 p
276 2259 348 2295 LX
373 2261 409 2295 in
435 2261 598 2306 margine
625 2261 728 2298 dele:
755 2277 788 2301 a.
813 2265 964 2302 50—54.

220 2330 258 2365 p.
275 2318 423 2355 LXXV
449 2324 523 2355 not.
552 2319 597 2355 ad
625 2322 650 2355 cl
674 2333 757 2368 pag.
783 2326 805 2358 2
838 2334 904 2370 pro
930 2325 963 2365 2,
989 2325 1023 2366 3,
1049 2324 1082 2365 4,
1108 2324 1141 2365 5,
1169 2325 1190 2360 6
1215 2322 1338 2358 scribe
1374 2323 1408 2365 3,
1433 2322 1466 2364 4,
1492 2322 1525 2364 5,
1552 2323 1584 2364 6,
1610 2322 1642 2364 7,
1670 2324 1708 2356 et
1740 2320 1836 2356 adde
1871 2321 1907 2356 in
1939 2320 2030 2356 fine·

421 2378 466 2413 10
490 2381 604 2413 omine
628 2382 824 2416 immolavit
850 2383 887 2416 in
915 2383 1108 2426 Capitolio,
1136 2383 1179 2416 11
1208 2382 1410 2416 Germanici
1435 2380 1523 2415 Iovi.
1550 2381 1579 2416 b.
1605 2393 1648 2416 m.
1676 2378 1809 2414 Iunoni
1832 2392 1982 2415 vaccum.

221 2445 255 2480 p.
274 2425 433 2471 LXXIX
459 2440 535 2473 not.
560 2438 583 2473 5
609 2437 632 2474 l.
656 2439 680 2473 4
704 2443 791 2485 post
815 2441 854 2474 in
880 2441 969 2474 actis
995 2440 1091 2475 adde
1118 2441 1223 2475 huius
1248 2442 1347 2474 anni.

219 2504 254 2539 p.
273 2493 417 2529 LXXX
441 2499 517 2531 not.
544 2506 628 2542 pag.
649 2498 714 2532 14.
734 2499 791 2535 21.
815 2499 862 2534 22
886 2498 970 2533 dele
997 2499 1125 2534 verba:
1153 2511 1263 2542 neque
1288 2500 1363 2533 eius
1381 2499 1522 2532 itineris
1547 2497 1622 2531 ulla
1648 2498 1686 2530 in
1712 2497 1797 2531 actia
1823 2498 1948 2531 mentio
1973 2508 2028 2532 re-

417 2555 568 2598 peritur.

219 2621 253 2656 p.
277 2610 460 2647 LXXXII
485 2613 506 2647 l.
534 2613 575 2648 11
604 2613 637 2658 (Ι
661 2626 693 2650 v.
720 2615 780 2659 23)
807 2614 928 2650 scribe
954 2615 1105 2650 Neronis
1133 2615 1268 2650 Claudi.

218 2679 253 2715 p.
272 2669 514 2706 LXXXVII:
556 2672 755 2709 inserenda
780 2677 866 2709 sunt
895 2674 1098 2720 fragmenta
1131 2675 1222 2709 haec
1255 2676 1399 2709 aestate
1433 2673 1517 2708 anni
1545 2672 1634 2709 1873
1671 2675 1818 2718 reperta
1851 2673 1887 2706 in
1921 2672 2028 2707 vinea

233 2726 235 2729 ’
419 2730 576 2775 quadam
622 2742 716 2776 quae
761 2735 819 2768 est
857 2733 916 2767 via
952 2732 1154 2768 Portuensi
1194 2733 1291 2767 mille
1331 2733 1406 2767 fere
1446 2742 1580 2777 passus
1620 2733 1714 2766 ultra
1756 2729 1952 2766 ecclesiam
1991 2732 2028 2765 la

412 2790 686 2833 parv-acchione.

358 2881 388 2916 E
435 2881 570 2918 litteris
597 2883 684 2919 altis
710 2884 787 2920 fere
812 2886 898 2921 mill.
926 2887 1075 2923 11-13.

482 3011 555 3052 ΙΙΙ
579 3016 752 3063 nonsas)
783 3013 1050 3064 Ianuarsias)

276 3107 710 3125 ...........
741 3082 971 3135 ma9(ister,
1002 3087 1074 3124 aul
1091 3084 1387 3136 promayiseer)
1419 3081 1581 3133 colleyii
1607 3079 1788 3132 fratrum
1809 3078 2025 3121 Arvalium

272 3147 435 3190 nomine
462 3155 559 3191 vola
588 3152 843 3204 nuncupavit
869 3164 949 3204 pro
984 3152 1119 3192 salute
1149 3152 1328 3193 Neronis
1359 3150 1524 3191 Claudii
1562 3151 1648 3192 divi
1678 3149 1843 3191 Claudii
1876 3149 1908 3201 f.
1947 3155 2022 3190 cet.

274 3217 469 3258 Caesaris
499 3218 672 3272 Auyusti
703 3221 938 3261 Germanici
968 3226 1042 3261 cet.
1085 3226 1123 3261 et
1152 3220 1352 3261 Octaviae
1388 3220 1575 3272 coniuyis
1606 3220 1693 3259 eius
1731 3220 1906 3260 victimis
1940 3221 2023 3260 im-

271 3286 436 3328 molatis
465 3288 509 3327 in
540 3287 759 3341 Capitolio,
