2340 3658
142 952 155 978 1
189 939 232 979 in
264 938 470 990 Capitolio
501 937 550 977 ob
578 934 868 989 pontificatum
892 934 921 989 ¹)
953 934 1136 976 Neronis
1169 933 1320 976 Claudi
1351 931 1547 975 Caesaris
1569 931 1790 986 Aug(usti)
1820 930 1992 973 Germa.-
2052 950 2068 967 a
2098 950 2113 966 o

139 1363 156 1388 5

894 181 996 220 Nero
1021 179 1211 219 Claudius.
1245 190 1248 192 ·

1856 182 1988 212 Lxxm

680 761 922 807 (continuatur
947 762 1070 796 tabula
1095 767 1250 795 actorum
1277 773 1309 793 a.
1336 760 1391 796 58.
1418 757 1489 802 59.)

1050 858 1129 904 (a)

1762 1000 1856 1054 inici
1900 1000 1993 1042 Iovi

242 1076 381 1117 bovem
411 1089 577 1128 marem,
607 1073 762 1114 Iunoni
791 1085 978 1127 vaccam,
1010 1072 1229 1114 Minervae
1260 1084 1447 1125 vaccam,
1480 1070 1616 1113 Genio
1648 1070 1784 1125 ipsius
1814 1074 1994 1110 taurum.

365 1146 408 1185 in
439 1144 619 1197 collegio
650 1141 879 1183 adfuerunt
907 1142 956 1182 T.
987 1140 1155 1182 Sextius
1185 1138 1426 1194 Africanus,
1459 1138 1675 1194 Sulpicius
1707 1137 1995 1191 flamm-(inus)

189 1214 235 1254 P.
270 1213 480 1254 Memmius
515 1211 723 1266 Regulus,
762 1211 810 1253 L.
851 1209 1022 1252 Salvius
1060 1208 1168 1251 Otho
1208 1208 1420 1262 Titianus,
1465 1207 1520 1248 M.
1558 1206 1754 1249 Valerius
1794 1206 1996 1248 Messalla

246 1351 434 1405 Aponius
463 1349 732 1392 Saturninus.

1667 1274 1906 1342 {Corvinus,
1938 1274 1994 1316 Μ.

162 1533 167 1537 ⁴
189 1488 414 1533 Fragmenta
439 1500 462 1520 α
479 1489 498 1521 b
524 1491 671 1533 reperta
697 1493 780 1521 sunt
806 1487 842 1520 in
867 1486 974 1520 vinea
1001 1484 1307 1520 Ceccarelliorum
1334 1496 1357 1516 a
1382 1483 1500 1517 bieme
1527 1493 1559 1517 a.
1587 1484 1727 1524 1868s9‚
1755 1483 1773 1515 b
1799 1493 1885 1516 vere
1911 1481 1995 1516 anni

189 1547 301 1587 186&
330 1559 347 1580 c
371 1548 396 1580 d
421 1547 483 1590 ef
503 1545 648 1580 fuerunt
678 1546 774 1580 iuter
801 1544 998 1579 Ursiniana
1022 1544 1054 1586 (e
1079 1542 1219 1577 Romae
1249 1541 1423 1575 effossum
1449 1552 1480 1576 a.
1508 1541 1599 1576 1570
1625 1540 1779 1582 SCAL„
1807 1542 1838 1586 f
1855 1551 1933 1586 rep.
1958 1540 1995 1574 in

189 1614 278 1649 agro
310 1604 472 1638 Fabricii
509 1604 661 1639 Galletti
705 1615 737 1638 a.
771 1604 862 1638 1570
893 1601 1126 1643 MANVT.);
1167 1614 1183 1634 c
1215 1612 1232 1633 e
1253 1602 1284 1644 f
1309 1606 1441 1645 postea
1481 1600 1516 1633 in
1548 1598 1702 1633 aedibus
1739 1599 1995 1633 Far-nesiorum

190 1662 341 1708 (ΜΔΕ.)
375 1665 414 1696 et
439 1673 518 1696 cum
544 1662 788 1697 monumentis
814 1661 1047 1696 Farnesianis
1073 1658 1270 1705 Neapolim
1303 1658 1484 1692 translata
1509 1668 1604 1696 nunc
1630 1658 1665 1691 in
1692 1667 1820 1692 museo
1846 1656 1996 1703 publico

189 1724 379 1757 servantur
398 1719 607 1765 (MOMMS.
627 1720 745 1755 MVS.
764 1719 910 1756 BORB.
929 1718 1094 1763 FIOR.);
1120 1719 1145 1752 d
1170 1718 1278 1752 estin
1298 1727 1424 1751 museo
1444 1717 1689 1751 Lateranensi
1709 1716 1805 1750 inter
1821 1715 1999 1761 reposita.

290 1796 480 1841 Descripsi
516 1806 596 1830 cum
628 1795 836 1829 Bormanno
870 1807 892 1828 a
917 1795 935 1827 b
962 1795 985 1827 d
1016 1804 1062 1826 ex

190 1853 396 1900 lapidibus,
437 1867 455 1887 c
480 1857 543 1899 ef
577 1865 623 1888 ex
662 1851 805 1898 ectypis
843 1850 1060 1885 chartaceis.

190 1911 301 1946 Edidi
334 1925 357 1945 a
383 1913 420 1946 in
454 1913 551 1948 Ball.
583 1914 666 1946 inst.
704 1912 801 1947 arch.
829 1911 919 1946 1869
946 1921 978 1955 p.
1004 1910 1060 1949 86,

190 1971 210 2004 b
227 1970 264 2004 in
281 1971 473 2004 Relazione
498 1981 532 2015 p.
552 1971 608 2012 17,
627 1970 663 2003 in
682 1970 786 2004 cuius
804 1967 932 2003 tabula
951 1969 968 2000 l
990 1977 1021 2000 u.
1040 1967 1063 2001 3

194 2028 396 2063 litterarum
437 2027 570 2062 formas
615 2026 870 2073 depingendas
920 2025 1061 2066 curavi;

191 2099 209 2121 c
233 2088 259 2121 d
282 2089 348 2132 es
384 2086 535 2120 exbibet
573 2086 731 2121 Ursinus
760 2087 898 2131 fraqm.
939 2083 1061 2119 Calon.

193 2148 263 2180 cet.
296 2157 331 2191 p.
355 2146 434 2186 219,
462 2146 524 2186 103
563 2145 643 2186 217,
669 2145 708 2186 ὃς
752 2145 832 2186 215,
856 2144 897 2183 4;
935 2143 1015 2183 216,
1041 2141 1063 2176 5

192 2203 293 2248 (inde
313 2192 417 2239 Giut.
436 2205 514 2246 120,
533 2203 572 2244 2;
601 2204 680 2244 119,
699 2204 738 2244 2;
766 2203 844 2244 118,
862 2202 902 2243 4;
930 2201 1062 2243 119,1)

193 2265 232 2296 et
263 2263 401 2297 omisso
432 2262 473 2296 fr.
506 2275 523 2296 c
554 2264 591 2295 in
624 2261 772 2295 schedis
803 2261 958 2294 Antonii
984 2261 1061 2293 Au-

193 2321 330 2366 gustini
347 2321 370 2357 f.
388 2321 444 2357 34.
461 2319 516 2356 34¹
542 2319 641 2365 (inde
666 2320 724 2354 vel
741 2330 786 2353 ex
804 2319 887 2353 aliis
914 2317 1063 2353 schedis

194 2379 401 2414 Ursinianis
434 2379 604 2424 Ligorius
637 2379 746 2412 Taur.
786 2378 857 2414 vol.
884 2379 927 2413 18
960 2377 983 2411 f.
1009 2375 1065 2412 δὲ]

192 2438 448 2484 interpolata);
482 2438 569 2472 item
605 2437 783 2472 Mai-iuius
815 2436 917 2470 tabb.
940 2436 1063 2470 XVII.

191 2495 295 2532 XIV.
313 2495 396 2531 XV.
413 2496 518 2539 XVI,
545 2497 604 2542 qui
624 2496 716 2531 vidit
740 2509 757 2530 c
774 2497 834 2540 ef,
862 2505 907 2529 ex
926 2495 1062 2529 Ursino

194 2552 402 2600 desumpsit
425 2556 470 2597 ὥς
509 2567 527 2589 e
555 2555 671 2590 habet
695 2555 804 2592 etiam
833 2553 1002 2597 Scaliger
1026 2553 1062 2586 in

194 2612 344 2647 schedis
386 2613 507 2649 Paris.
535 2615 651 2658 fonds
681 2614 813 2657 Dupuy
845 2612 911 2646 461
947 2611 971 2647 f.
998 2612 1062 2652 773

182 2673 215 2717 s
232 2667 420 2706 Manutius
448 2672 563 2707 Vatic.
585 2673 677 2708 5237
704 2672 727 2707 f.
746 2674 823 2714 199,
851 2671 911 2716 qui
939 2680 1062 2715 quam-

193 2741 301 2775 quam
341 2734 525 2776 repertum
567 2730 659 2765 dicit
697 2741 729 2766 a.
767 2730 859 2766 1570
898 2728 935 2763 in
977 2738 1062 2771 agro

193 2788 382 2831 Gallettii,
434 2789 578 2824 videtur
617 2788 779 2835 pendere
828 2799 874 2822 ex
914 2787 1063 2822 Ursino.

194 2846 364 2892 Denique
396 2860 414 2882 ο
438 2849 502 2893 es
526 2847 730 2883 Mommsen
756 2845 788 2881 I.
813 2847 859 2882 N.
886 2857 920 2892 p.
938 2845 1062 2886 XXII,

193 2904 316 2940 denuo
343 2906 520 2941 exhibent
544 2908 718 2951 inser-ipa.
743 2913 821 2942 vett.
844 2918 931 2939 mua.
954 2904 1062 2939 Borb.

195 2963 323 3010 (Neap.
342 2965 446 3008 1857)
472 2964 491 2999 Ι
507 2976 540 2999 11.
561 2964 763 3006 112-114;
788 2963 939 2999 Fiorelli
958 2964 1063 2997 catal.

194 3026 251 3061 61.
267 3026 323 3061 59.
341 3027 397 3062 60.
418 3046 457 3049 -—
485 3026 541 3060 De
568 3025 831 3071 componendis
849 3025 1063 3070 fragmentis

195 3087 242 3121 cf.
255 3085 440 3129 Borghesi
452 3085 550 3132 apud
566 3085 779 3120 Gervasium
794 3087 932 3119 iscrizz.
945 3086 1063 3128 παραὶ.

197 3153 233 3190 p.
250 3144 307 3186 40,
333 3156 414 3191 opp.
430 3145 455 3181 4
477 3156 513 3191 p.
530 3145 600 3181 394
616 3155 739 3190 seqq.;
764 3143 809 3178 de
827 3143 942 3178 Rossi
966 3143 1061 3179 Bull.

198 3205 383 3239 d’archeol.
402 3207 495 3242 erist.
514 3206 605 3241 1866
622 3216 656 3251 p.
674 3205 720 3240 58
735 3214 859 3249 seqq.;
876 3204 1064 3238 Relazt'one

198 3273 234 3309 p.
254 3263 297 3299 17
311 3273 414 3310 seqq.

293 3321 395 3358 Acta
420 3334 595 3359 annorum
623 3322 668 3359 59
695 3326 733 3357 et
750 3323 796 3358 60
823 3326 971 3370 praeter
996 3331 1079 3368 par-

1128 1796 1200 1827 tem
1235 1804 1333 1834 eam,
1375 1803 1481 1837 quam
1515 1793 1551 1826 in
1584 1791 1711 1826 eadem
1750 1790 1880 1825 tabula
1916 1801 1997 1824 cum

1129 1851 1224 1884 actis
1257 1862 1288 1885 a.
1313 1851 1359 1885 58
1390 1851 1546 1885 vidimus
1577 1853 1764 1884 exaratam
1799 1859 1900 1887 esse,
1932 1859 1999 1893 per

1129 1914 1204 1942 tres
1231 1910 1308 1943 sive
1334 1909 1481 1944 tabulas
1512 1911 1593 1943 sive
1618 1909 1774 1955 paginas
1801 1906 2000 1941 distributa

1131 1973 1245 2000 erant.
1279 1966 1436 2010 Quarum
1467 1968 1582 2013 prima
1616 1966 1748 2011 incipit
1783 1976 1806 1999 a
1838 1975 1945 1999 versu
1980 1966 1997 1998 1

1131 2025 1325 2069 fragmenti
1351 2038 1384 2065 a,
1412 2025 1488 2059 exit
1513 2028 1634 2059 autem
1651 2028 1737 2070 post
1755 2024 1856 2060 v.49.
1883 2023 1999 2066 Frag-

1132 2089 1252 2117 menta
1277 2085 1301 2116 d
1319 2086 1352 2117 et
1371 2096 1388 2117 e
1414 2094 1494 2117 cum
1514 2083 1649 2118 fuerint
1665 2082 1814 2117 tabulae
1833 2080 2001 2120 alterius,

1131 2141 1225 2176 hanc
1252 2141 1298 2175 ab
1324 2142 1407 2187 ipso
1443 2153 1551 2176 versu
1571 2143 1589 2175 1
1617 2140 1813 2186 fragmenti
1843 2140 1867 2173 d
1898 2140 1998 2173 ince-

1132 2201 1234 2246 pisse
1262 2200 1344 2234 ideo
1377 2200 1580 2246 probabile,
1608 2199 1706 2245 quod
1734 2198 1760 2232 0
1791 2201 1829 2232 et
1861 2196 1999 2232 178111-

1132 2266 1253 2301 terae,
1281 2270 1374 2304 quae
1402 2270 1518 2305 prope
1552 2270 1607 2293 vv.
1640 2258 1790 2292 circiter
1814 2257 1859 2292 25
1893 2262 1930 2289 et
1955 2255 1999 2289 27

1134 2319 1328 2363 fragmenti
1367 2331 1383 2352 e
1425 2319 1461 2352 in
1510 2318 1672 2361 margine
1716 2316 1856 2351 incisae
1903 2318 1999 2355 sunt,

1133 2381 1377 2412 conectuntur
1403 2387 1483 2411 cum
1516 2377 1666 2411 tabulae
1699 2376 1837 2421 primae
1873 2384 1928 2407 vv.
1954 2372 2000 2407 29

1133 2440 1171 2470 et
1186 2437 1242 2478 31,
1271 2436 1305 2470 in
1325 2436 1443 2470 altera
1468 2438 1590 2470 autem
1617 2435 1744 2469 tabula
1769 2434 1893 2480 plures
1920 2442 1998 2465 ver·

1133 2505 1196 2529 sus
1224 2495 1357 2529 litteris
1382 2495 1582 2529 maioribus
1608 2495 1736 2541 scripti
1764 2497 1858 2527 sunt.
1909 2491 2000 2524 Ter·

1133 2555 1206 2588 tiae
1250 2553 1397 2587 tabulae
1442 2553 1538 2598 quod
1578 2558 1760 2587 servatum
1799 2561 1883 2586 esse
1925 2548 2001 2583 dixi

1133 2602 1374 2656 fragmentum
1398 2613 1439 2656 s,
1471 2611 1509 2645 id
1547 2621 1765 2657 quamquam
1800 2611 2001 2645 litterarum

1135 2671 1249 2704 forma
1285 2670 1533 2716 suspicionem
1582 2680 1653 2704 non
1690 2675 1832 2711 movet,
1879 2673 2002 2702 tamen

1133 2740 1214 2764 cum
1239 2729 1276 2763 in
1293 2729 1445 2774 parvulo
1465 2729 1618 2763 frustulo
1635 2729 1823 2763 marmoris
1841 2727 1998 2761 incisum

1133 2789 1192 2830 sit,
1220 2789 1304 2822 mihi
1330 2799 1402 2823 uon
1427 2788 1572 2823 videtur
1590 2798 1674 2822 esse
1702 2787 1906 2832 antiquum,
1931 2784 1998 2819 sed

1133 2847 1256 2882 Ursini
1283 2850 1402 2881 aetate
1422 2846 1557 2881 factum
1581 2847 1783 2880 imitatione
1805 2843 2000 2889 fragmenti

1133 2905 1323 2940 cuiusdam
1349 2905 1446 2950 quod
1472 2916 1596 2940 rursus
1622 2906 1791 2952 perierit:
1821 2903 1866 2940 cf.
1893 2903 2000 2937 Rela-

1130 2966 1229 3000 zz‘one
1252 2975 1289 3011 p.
1306 2963 1362 3000 18.

1226 3027 1310 3059 abc
1339 3026 1363 3069 ¹)
1391 3025 1427 3058 in
1453 3024 1647 3068 collegium
1666 3021 1878 3068 pontificum
1896 3019 1997 3056 Nero

1133 3089 1330 3131 cooptatus
1370 3084 1529 3118 fortasse
1567 3087 1625 3116 est
1649 3093 1681 3117 a.
1707 3083 1768 3123 51,
1802 3091 1882 3115 cum
1915 3085 2004 3125 toga

1133 3144 1227 3180 virili
1265 3144 1421 3188 accepta
1468 3141 1597 3176 consul
1634 3141 1912 3185 designaretur:
1957 3139 2004 3173 cs.

1133 3213 1262 3238 comm.
1296 3201 1342 3235 de
1385 3199 1578 3235 sacrificiis
1616 3199 1663 3234 ob
1704 3199 1892 3245 imperium
1933 3202 2004 3233 cet.

1135 3263 1340 3308 principum
1368 3271 1403 3306 p.
1422 3260 1477 3294 67.
