2340 3658
973 186 1078 229 Vota
1101 198 1147 222 an
1152 197 1233 223 uua.
1926 185 1946 226 1
1954 186 1975 226 1
1982 185 2003 226 1

723 301 882 358 piendo
912 302 1148 357 ampliavit,
1185 306 1233 343 ut
1260 301 1350 345 voti
1378 306 1617 356 compotem
1661 314 1751 343 rem
1792 299 2009 356 publicam

722 384 854 426 saepe
896 369 1045 424 facias,
1090 375 1159 413 ast
1203 373 1249 412 tu
1278 382 1333 412 ea
1375 369 1438 411 ita
1482 369 1607 423 faxis,
1652 372 1742 410 tum
1786 368 1862 410 tibi
1897 367 2007 409 bove

722 442 873 481 aurato
902 450 1109 480 vovemus
1138 450 1236 480 esse
1264 437 1464 479 futurum.
1483 437 1517 491 ⁸)

670 508 696 549 ¹)
721 504 1003 550 uffihrersorum]
1028 506 1085 541 87.

669 554 700 596 ²)
723 563 782 588 me
808 552 931 587 sentio
955 551 1081 587 dicere
1105 554 1163 590 90.

664 601 694 643 ⁸)
720 599 862 635 salvom
886 599 933 635 87
956 600 1014 636 90.

663 647 695 691 ⁴)
718 656 777 681 me
802 647 922 681 sentio
947 645 1072 680 dicere
1097 647 1152 682 90.

663 694 695 737 ⁵)
721 693 980 728 aeternitatem
1004 693 1051 728 87
1074 694 1133 729 90.

662 741 690 782 ⁶)
717 740 787 775 tibi
824 741 971 774 nomine
1008 739 1146 784 collegi
1184 739 1334 775 fratrum
1358 737 1550 775 Arvalium
1589 740 1683 774 bove
1722 743 1849 775 aurato
1887 749 2005 774 voveo

733 797 818 821 esse
844 787 1002 821 futurum
1028 787 1100 830 [87]
1125 787 1183 822 99.

295 856 407 894 Vota
432 855 507 894 soli
533 855 622 893 Iovi
650 855 882 906 Capitolino
909 855 1018 904 fiunt,
1045 867 1196 894 summo
1224 843 1581 895 videlieet'reetori
1617 857 1725 895 orbis
1754 857 1937 903 Romani,
1964 860 2007 894 ut

104 934 108 947 ²
142 964 147 967 ⁷
193 925 287 959 sunt
314 918 503 959 Caesaris
531 918 654 956 verba
680 917 790 967 apud
815 918 984 956 Dionem
1012 918 1091 967 (44,
1122 919 1185 966 ll)
1212 912 1274 955 ὅτι
1301 916 1408 963 Ζεὺς
1432 914 1559 966 μόνος
1588 919 1672 957 τῶν
1692 916 1908 968 ιΡωμαιίυν
1931 919 2007 966 βα·

192 978 328 1026 σιλεὺς
363 978 435 1030 εἴη.
488 981 554 1019 Ab
595 991 644 1018 eo
684 979 859 1029 pendent
898 983 939 1018 et
980 981 1086 1018 salus
1121 980 1367 1030 imperatoris
1395 986 1436 1019 et
1462 982 1675 1020 aeternitas
1703 981 1867 1031 imperii,
1896 980 2005 1031 quod

191 1043 445 1094 suscipiendo
473 1042 687 1093 ampliasse
714 1042 901 1093 princeps
929 1043 1081 1081 dieitur.
1138 1041 1263 1090 Quem
1291 1050 1388 1082 nota
1438 1043 1514 1082 hoc
1555 1045 1645 1082 loco
1683 1044 1810 1082 solum
1838 1055 2005 1081 comme·

78 1094 97 1118 ·’
127 1132 130 1133 ⁷
191 1106 337 1144 morari
362 1105 536 1144 breviter
562 1103 701 1143 addita
728 1104 866 1142 domus
894 1107 1103 1154 Augustae
1131 1105 1341 1155 mentione,
1368 1118 1457 1144 cum
1484 1111 1578 1145 vota
1604 1118 1736 1145 annua
1775 1118 1849 1156 pro
1877 1105 2003 1144 salute

191 1168 277 1207 eins
304 1172 345 1206 et
370 1168 551 1216 coniugis
580 1178 626 1204 ae
654 1166 779 1204 Iuliae
808 1168 1020 1216 Augustae
1047 1168 1156 1207 facta
1182 1179 1269 1207 esse
1296 1168 1518 1208 viderimus.
1557 1169 1632 1208 His
1659 1169 1780 1219 igitur
1806 1168 1907 1207 votis
1934 1168 2003 1205 im-

189 1226 355 1284 perator
392 1231 617 1268 celebratur
654 1233 858 1279 tamquam
897 1230 1085 1281 princeps
1125 1236 1166 1270 et
1205 1236 1328 1281 caput
1366 1232 1530 1281 imperii,
1570 1245 1613 1270 ea:
1636 1235 1738 1269 cuius
1762 1232 2006 1268 incolumitate

190 1296 349 1332 omum
388 1295 489 1331 salus
528 1297 680 1337 constat,
721 1295 761 1330 et
801 1302 864 1328 res
905 1292 1068 1341 publica
1106 1294 1197 1344 ipsa
1232 1294 1393 1343 fingitur
1428 1299 1560 1333 votum
1602 1294 1847 1344 suscepisse,
1885 1304 2004 1342 quam

190 1361 235 1395 ut
262 1356 343 1394 voti
371 1344 594 1405 compotem
620 1354 743 1392 faciat
782 1354 1015 1403 imploratur
1044 1355 1237 1406 Iuppiter.
1277 1378 1330 1384 ——
1369 1359 1575 1395 Aeternitas
1600 1359 1744 1407 imperii
1770 1366 2002 1394 commemo-

189 1423 302 1458 ratur
328 1419 444 1456 etiam
471 1419 511 1456 in
539 1417 640 1456 actis
668 1415 764 1455 anni
790 1417 854 1464 66,
881 1416 930 1454 de
957 1417 1141 1468 ludisque
1169 1432 1261 1468 quos
1282 1432 1356 1468 pro
1394 1424 1602 1459 aeternitate
1640 1421 1786 1468 imperii
1822 1423 2004 1467 susceptos

76 1466 78 1472 ¹
142 1484 145 1485 ’
192 1481 379 1531 appellari
403 1484 582 1518 marimos
610 1481 722 1517 voluit
747 1478 883 1529 (Nero)
917 1479 966 1518 cf.
996 1480 1209 1519 Suetonius
1243 1482 1348 1530 (Ner.
1383 1482 1453 1531 ll).
1509 1483 1559 1520 In
1594 1482 1759 1519 nummis
1786 1479 2004 1519 Domitiani

192 1542 355 1593 (Gohen
382 1555 420 1581 n.
446 1542 540 1591 280)
581 1546 622 1579 et
647 1541 808 1579 Traiani
847 1541 1018 1589 (Eekhel
1045 1543 1084 1589 6,
1112 1542 1205 1593 423)
1248 1548 1440 1582 aeternitas
1479 1547 1646 1595 Augusta
1684 1544 1878 1593 inscripta
1921 1546 2003 1581 est:

190 1605 331 1645 scribit
356 1611 564 1655 praeterea
587 1604 742 1642 Plinius
771 1603 840 1654 (ad
865 1604 968 1642 Trai.
997 1604 1084 1654 83):
1111 1613 1262 1655 royatus
1286 1639 1293 1645 .
1315 1637 1323 1645 .
1350 1639 1357 1645 .
1380 1639 1387 1645 .
1411 1620 1483 1657 per
1507 1620 1552 1644 ea
1578 1619 1672 1656 quae
1696 1607 1784 1643 -ηιιἹιί
1810 1612 1844 1643 et
1866 1611 1949 1642 sunt
1971 1611 2003 1642 et

190 1668 317 1710 deberat
340 1680 414 1705 esse
438 1670 676 1712 sarwtissima,
716 1667 759 1703 id
796 1673 847 1703 est
867 1679 939 1716 per
964 1670 1207 1706 aetenu’tatem
1232 1676 1332 1707 tuam
1358 1672 1580 1718 salutemque
1606 1674 1681 1707 cet.
1735 1668 1916 1717 Denique
1942 1667 2000 1705 in-

189 1730 448 1781 scriptionem
474 1730 652 1768 novimus
679 1728 904 1767 dedicatam
946 1730 1029 1768 Sole·
1068 1737 1213 1770 aeterno
1256 1733 1391 1770 Lunae
1424 1746 1499 1782 pro
1540 1735 1756 1770 aeternitate
1793 1733 1936 1780 imperii
1971 1736 2003 1767 et

191 1794 308 1831 salute
331 1795 420 1842 imp.
453 1792 623 1831 Caesaris
648 1792 697 1828 L.
724 1792 879 1841 Septimi
902 1792 1029 1830 Severi
1062 1793 1160 1843 Auq.
1195 1794 1250 1842 (C.
1279 1797 1313 1833 Ι.
1341 1796 1390 1832 L.
1418 1795 1456 1843 2,
1482 1796 1559 1833 259
1585 1814 1632 1829 =
1652 1794 1718 1833 Or.
1748 1792 1854 1843 910).
1909 1792 2004 1840 Qui·

189 1855 265 1894 bus
290 1855 527 1894 testimoniis
555 1854 659 1892 inter
686 1866 728 1892 se
756 1854 913 1892 collatis
939 1854 1209 1894 Mommsenus
1250 1858 1422 1896 coniecit
1460 1862 1619 1907 praeter
1650 1861 1745 1895 vota
1772 1868 1902 1894 annua
1926 1867 2000 1904 pro

189 1910 316 1957 salute
343 1918 529 1966 Augusta
568 1928 604 1955 a.
647 1916 685 1955 d.
726 1916 798 1955 III
837 1928 963 1955 nonas
1002 1917 1211 1957 Ianuarias
1246 1927 1473 1969 nuncupata
1498 1920 1579 1958 alia
1602 1919 1774 1958 fortasse
1802 1931 1835 1957 a.
1866 1918 1904 1955 d.
1932 1917 1999 1955 XI

184 1977 381 2031 kalendas
424 1978 668 2018 Februarias
719 1990 792 2028 pro
838 1981 1072 2019 aeternitate
1121 1984 1308 2031 Augusta
1351 1987 1549 2032 concepta
1592 1994 1711 2020 esse:
1766 1981 1809 2019 id
1852 1982 2004 2019 factum·

189 2053 279 2081 esse
317 2053 437 2092 posse
476 2042 595 2080 etiam
634 2042 682 2080 iis
721 2042 977 2092 temporibus,
1020 2044 1165 2094 quibus
1201 2045 1311 2084 nulla
1337 2046 1421 2083 eius
1447 2045 1505 2083 rei
1531 2046 1581 2083 ab
1610 2044 1825 2082 Arvalibus
1853 2043 1998 2081 mentio

189 2105 300 2143 sacta
326 2105 378 2143 sit
411 2105 476 2154 (cf.
505 2106 702 2142 Relaziorae
727 2117 766 2154 p.
794 2104 876 2153 45).
931 2104 1015 2143 Sed
1054 2118 1126 2144 nec
1167 2108 1376 2157 probabile
1417 2113 1482 2146 est
1521 2115 1601 2145 tam
1641 2106 1775 2156 gravis
1815 2106 2000 2144 momenti

84 2181 116 2211 ‘⁷
188 2168 476 2216 caerimoniam,
517 2168 550 2206 si
589 2168 668 2205 iam
697 2171 816 2206 autea
843 2168 1047 2206 celebrata
1073 2176 1191 2218 esset,
1219 2171 1271 2208 ab
1298 2170 1516 2208 Arvalibus
1543 2170 1582 2207 in
1610 2169 1709 2208 actis
1738 2162 1998 2219 praetermitti

185 2230 381 2280 potuisse,
407 2235 447 2268 et
473 2231 563 2280 ipsa
589 2231 723 2278 verba,
753 2242 855 2280 quae
883 2234 976 2269 suut
1000 2235 1132 2281 imperi
1162 2235 1264 2282 quod
1287 2235 1515 2282 suscipiendo
1542 2233 1745 2282 ampliat-it,
1771 2234 1998 2288 Augustum

187 2291 384 2342 quendam
410 2292 650 2342 peculiarem
676 2292 860 2331 videntur
887 2294 1120 2343 significare.
1165 2296 1412 2345 Quamquam
1453 2296 1576 2333 verba
1612 2296 1652 2333 in
1684 2294 1784 2333 actis
1821 2293 2000 2332 adhibita

187 2353 482 2393 Hirschfeldius
525 2353 641 2404 (θὸτι.
666 2356 735 2404 9εἰ.
767 2357 856 2393 Ans.
888 2356 987 2394 1869
1014 2368 1053 2406 p.
1084 2358 1199 2407 1505)
1240 2357 1347 2395 haud
1386 2357 1520 2407 inepte
1562 2358 1715 2396 notavit
1749 2358 1830 2394 scre
1857 2355 1996 2393 eodem

187 2417 306 2456 modo
331 2417 460 2455 redire
488 2417 597 2466 apud
622 2417 796 2455 Plinium
824 2419 903 2467 (ep.
932 2419 982 2456 52
1010 2418 1132 2468 Keil),
1160 2431 1248 2457 cnm
1283 2419 1337 2458 ad
1365 2419 1582 2471 Traianum
1610 2421 1667 2458 sic
1696 2419 1849 2458 scribit:
1891 2419 1998 2465 diem,

185 2481 345 2527 domine,
370 2492 442 2529 quo
468 2482 622 2517 servasti
646 2482 849 2529 imperium,
888 2482 973 2517 dum
999 2484 1164 2530 suscipis,
1204 2489 1344 2530 quauta
1369 2487 1516 2521 mereris
1554 2485 1690 2521 laetitia
1730 2482 1998 2524 celebravimus,

91 2543 115 2599 ἑ
179 2545 326 2592 precati
351 2544 438 2580 deos
465 2548 503 2579 ut
528 2548 559 2579 te
582 2545 708 2591 yeneri
732 2543 903 2590 humano,
929 2546 1029 2581 culus
1054 2545 1165 2581 tutela
1191 2551 1224 2582 et
1247 2549 1422 2583 securitas
1446 2547 1557 2584 saluti
1582 2553 1664 2583 tuae
1690 2547 1807 2582 innisa
1844 2550 1906 2588 est,
1944 2545 1997 2579 ιἠ-

89 2592 131 2646 3,
187 2605 362 2642 columem
379 2605 641 2655 florentemque
660 2612 902 2654 praestarent.

871 2747 891 2757 ιν

869 2761 910 2789 ο.
970 2747 1306 2791 Praesentes.

174 2890 178 2893 ,
290 2848 369 2897 Qui
395 2849 621 2898 adsuerunt,
650 2849 740 2888 dum
768 2854 864 2888 vota
887 2849 1105 2889 redduntur
1131 2857 1171 2890 et
1198 2860 1485 2903 nuncupantur,
1521 2855 1559 2892 in
1588 2855 1687 2893 actis
1715 2854 1807 2892 anni
1835 2855 1884 2891 86
1917 2864 1996 2890 non

185 2909 474 2957 adscribuntur.
528 2912 580 2950 Id
607 2913 714 2962 quod
742 2913 877 2951 nescio
905 2925 1021 2963 quam
1047 2914 1099 2952 ob
1127 2925 1289 2952 causam
1318 2916 1539 2965 neglectum
1580 2917 1642 2964 sit,
1671 2917 1746 2954 nisi
1773 2917 1873 2954 forte
1902 2927 1992 2954 cou-

12 2962 20 3029 L
82 2978 122 3005 '.
184 2971 257 3011 icis
297 2978 379 3012 tum
420 2974 527 3012 solos
556 2974 732 3012 adfuisse
758 2975 987 3024 magistrum
1027 2983 1067 3013 et
1104 2976 1428 3026 promagistrum,
1469 2991 1632 3028 quorum
1673 2980 1711 3016 iu
1751 2980 1852 3028 ipsis
1893 2978 1991 3015 actis

183 3036 330 3074 mentio
357 3036 466 3074 facta
494 3042 591 3074 erat.
645 3039 710 3075 Ae
736 3037 958 3075 memineris
985 3049 1091 3076 anuo
1118 3039 1167 3076 86
1196 3046 1539 3078 commemoratam
1573 3053 1648 3079 nou
1677 3053 1765 3079 esse
1794 3041 1868 3078 nisi
1895 3051 1990 3077 nuu-

184 3098 436 3148 cupationem
464 3103 656 3147 votorum,
683 3111 801 3148 quam
830 3100 864 3137 si
890 3105 997 3138 recte
1024 3101 1215 3150 proposui
1247 3103 1372 3140 solam
1401 3115 1448 3141 eo
1475 3115 1578 3141 auno
1605 3104 1750 3141 factam
1778 3115 1881 3150 esse,
1909 3102 1991 3139 fieri

185 3163 319 3206 potest
344 3165 387 3198 ut
413 3172 515 3210 opus
542 3173 620 3198 non
648 3161 765 3199 fuerit
789 3162 932 3200 fratres
960 3161 1116 3200 adesse.

184 3231 239 3274 87
652 3233 881 3277 adfuerunt
900 3237 976 3286 illi,
1005 3236 1241 3290 insertaque
1267 3246 1362 3281 sunt
1390 3252 1531 3280 eorum
1546 3241 1712 3280 nomina
1730 3246 1826 3292 post
1845 3251 1990 3279 nomen
2020 3293 2025 3297 ¹
