2340 3658
998 201 1211 237 Exordium.
1895 219 2002 245 XXIH

1031 372 1066 414 F
1087 325 1122 416 ὲ
1142 373 1182 415 A

244 489 260 502 1
321 444 442 496 Quae
474 443 716 497 fragmenta
752 454 836 497 quo
871 441 1011 483 minus
1045 441 1105 483 ita
1140 442 1471 498 coniungantur,
1504 449 1550 486 ut
1579 446 1798 489 FRAtrES
1827 446 2003 488 Arvales

207 514 307 557 inde
346 511 575 566 efficiatur,
614 510 790 566 impedit
826 514 1025 565 punctum
1064 510 1172 552 inter
1209 511 1373 553 litteras
1410 511 1439 554 S
1477 518 1518 556 et
1547 515 1583 554 A
1617 513 1831 556 deficiens.
1893 515 2004 566 Qua-

206 588 379 638 propter
410 581 680 623 caESAreum
712 580 770 622 ibi
800 578 1027 632 legendum
1050 592 1145 621 esse
1165 580 1349 622 maxime
1370 581 1594 636 probabile
1615 587 1690 624 est.
1729 583 1783 624 M.
1806 583 2003 626 Valerius

205 652 350 694 nescio
381 663 443 691 an·
466 663 543 705 pro
574 649 628 690 M.
663 648 833 690 Valerio
864 648 1059 690 Trebic-io
1105 649 1294 690 Deciano
1335 649 1556 692 habendus
1594 651 1668 705 sit,
1716 652 1787 705 qui
1824 653 1868 693 in
1898 653 2004 695 actis

206 720 358 763 aetatis
387 718 560 760 Traiani
589 717 762 772 saepius
794 721 1166 758 commemoratur:
1198 717 1361 760 litteras
1399 719 1531 774 enim,
1573 720 1770 773 quamvis
1798 721 2002 775 pulchrae

205 789 292 831 sint
339 792 382 829 et
425 786 576 828 aetatis
621 785 779 837 bonae,
826 784 882 826 ad
918 789 1101 826 aetatem
1139 790 1282 827 tamen
1318 785 1600 840 antiquiorem
1635 787 1708 828 vix
1754 790 2001 832 rettulerim.

209 858 465 900 Caesareum
502 854 650 908 igitur,
690 858 735 895 ut
764 853 966 908 templum
997 852 1105 896 deae
1136 854 1257 909 Diae,
1289 860 1479 909 tempore
1510 855 1671 896 incerto
1704 862 1745 898 et
1773 858 1913 913 ipsum
1943 873 2004 902 re-

206 925 361 968 fectum
391 928 468 966 est.

317 994 385 1035 Ξῖ).
446 990 571 1042 Quod
601 991 786 1046 denique
816 990 973 1032 balnea
1001 990 1044 1032 in
1074 991 1169 1032 luco
1201 990 1307 1034 deae
1338 992 1448 1033 Diae
1479 991 1610 1034 fuisse
1641 993 1838 1035 dicuutur
1861 995 1911 1049 ¹),
1945 996 2005 1037 vi-

205 1062 328 1105 detur
369 1065 503 1102 ortum
541 1073 634 1102 esse
671 1058 859 1101 confusis
897 1059 1003 1101 actis
1047 1059 1208 1102 dierum
1253 1061 1378 1116 primi
1422 1066 1463 1103 et
1500 1063 1675 1104 secundi
1710 1063 1822 1104 sacri
1861 1076 2004 1106 mense

204 1130 318 1172 Maio
358 1129 576 1183 celebrati,
618 1141 710 1170 cum
741 1128 877 1183 primo
907 1131 1069 1170 tantum
1101 1129 1171 1170 die
1202 1130 1446 1171 sacerdotes
1478 1129 1675 1171 dicantur
1704 1145 1730 1171 α
1760 1132 1907 1173 balneo
1936 1133 2006 1174 vel

206 1201 278 1240 loti
307 1199 351 1240 in
380 1197 593 1240 cathedris
625 1196 870 1239 consedisse
890 1196 943 1250 ²),
974 1196 1049 1238 illo
1080 1202 1221 1239 autem
1251 1197 1321 1239 die
1352 1199 1533 1241 Arvales
1572 1199 1614 1240 in
1657 1199 1761 1241 urbe
1797 1201 1839 1242 in
1876 1201 2006 1243 aedes

204 1267 397 1321 magistri
428 1266 655 1308 convenire
686 1265 884 1307 solerent.

317 1336 385 1378 26.
447 1335 499 1377 Et
528 1335 606 1377 hoc
638 1335 809 1389 quidem
839 1334 932 1376 loco
964 1334 1147 1378 breviter
1177 1334 1472 1377 disserendum
1504 1336 1583 1378 erit
1613 1337 1667 1379 de
1696 1337 1769 1389 iis,
1811 1351 1922 1393 quae
1952 1338 2005 1381 de

205 1404 412 1448 aedificiis
451 1404 626 1445 fratrum
657 1403 878 1445 Arvalium
916 1416 943 1444 a
981 1404 1260 1459 scriptoribus
1296 1404 1456 1446 saeculi
1497 1404 1649 1446 decimi
1696 1406 1803 1448 sexti
1848 1406 2010 1449 tradita

205 1473 457 1528 accepimus.
517 1472 716 1524 Magnam
748 1472 858 1513 enim
889 1473 1183 1515 auctoritatem
1214 1472 1407 1515 videmus
1438 1486 1465 1514 a
1495 1474 1601 1515 viris
1631 1473 1767 1518 doctis
1806 1475 2006 1518 tributam

204 1555 298 1584 esse
328 1540 626 1594 diagrammati
657 1540 824 1582 cuidam
856 1540 910 1582 ab
940 1540 1146 1583 Abekeno
1178 1541 1222 1583 in
1244 1540 1401 1583 chartis
1422 1542 1558 1583 musei
1582 1543 1813 1586 Florentini
1837 1550 2006 1599 reperto

207 1610 262 1652 ab
293 1623 430 1664 eoque
450 1610 482 1664 ³)
512 1615 553 1652 et
581 1623 608 1652 a
637 1609 904 1652 Melchiorrio
923 1609 957 1664 ⁴)
987 1609 1146 1664 publici
1178 1610 1281 1652 iuris
1311 1610 1445 1665 facto,
1494 1624 1577 1665 quo
1609 1612 1806 1654 aedicula
1840 1626 2008 1668 reprae-

204 1683 397 1721 sentatur
441 1683 640 1734 quattuor
675 1677 880 1720 columnis
919 1677 1026 1719 fulta
1061 1679 1348 1734 cancellisque
1385 1679 1551 1733 clausa,
1598 1680 1639 1721 in
1687 1681 1808 1722 cuius
1854 1680 2007 1735 apside

203 1760 357 1790 novem
387 1747 513 1790 bases
544 1747 858 1802 conspiciuntur
886 1746 1114 1802 adscriptis
1146 1747 1189 1788 in
1218 1752 1340 1803 parte
1370 1748 1537 1790 interna
1569 1748 1709 1790 verbis
1731 1749 1815 1790 his:
1850 1756 2008 1801 „statue

203 1817 414 1858 numer-09
445 1817 489 1857 di
517 1819 758 1870 imperatori
787 1818 1021 1857 incoronari
1050 1817 1094 1856 di
1120 1818 1261 1870 spiqhe
1291 1817 1335 1857 di
1362 1830 1508 1870 qrano.
1540 1819 1582 1858 in
1612 1819 1683 1859 oia
1708 1825 1930 1871 portuense
1951 1820 2008 1860 ad

206 1892 394 1940 quartum
423 1887 644 1926 miliarium
673 1886 750 1927 hoc
777 1887 974 1926 sacellum
1005 1887 1242 1926 ordinatum
1271 1887 1353 1938 fnit
1373 1899 1400 1925 a
1421 1886 1593 1927 Romulo
1615 1888 1672 1927 ad
1691 1887 2009 1928 benedicendum

205 1967 379 2008 ymnum
408 1960 446 1994 el
476 1968 630 2008 cyrum.
661 1957 723 1995 sic
750 1960 1028 1996 restauratum
1058 1954 1110 1994 ab
1132 1955 1387 2007 Antonino;“
1422 1967 1450 1996 a
1480 1954 1614 1998 latere
1644 1960 1787 1998 autem
1806 1955 2008 2009 imaginis

206 2023 349 2065 verbis
384 2021 470 2064 his:
511 2024 811 2076 „ciascheduna
848 2029 988 2065 statua
1023 2023 1155 2064 hocca
1190 2036 1272 2064 uno
1310 2025 1519 2077 epitaphio
1561 2039 1583 2065 e
1619 2026 1681 2066 im
1700 2026 1768 2065 nel
1794 2023 1871 2065 line
1901 2026 2009 2065 dello

207 2093 413 2146 epitaphio
451 2094 489 2133 ci
526 2106 600 2134 era
633 2093 763 2146 fratri
790 2093 957 2142 Arvali,
996 2106 1017 2132 e
1046 2105 1175 2133 erano
1205 2106 1309 2134 nove
1339 2094 1536 2146 epitaphii
1567 2094 1898 2146 com-ispondemi
1929 2095 2010 2134 alle

204 2175 309 2203 nove
344 2167 478 2202 statue
512 2164 557 2202 in
592 2163 674 2214 sino
711 2175 739 2202 a
777 2161 1003 2211 Gordiano,
1033 2162 1049 2201 i
1079 2163 1195 2216 quali
1223 2164 1466 2216 imperatori
1494 2165 1647 2217 furono
1677 2165 1769 2204 tutti
1800 2164 1843 2203 di
1874 2164 2010 2216 quella

208 2232 453 2284 compaynia
482 2231 540 2271 da
568 2232 835 2283 campayna.“
896 2228 1006 2271 Huic
1036 2231 1271 2273 narrationi
1308 2245 1387 2274 nec
1421 2232 1600 2274 Rossius
1621 2231 1652 2286 ⁵)
1689 2244 1766 2273 nec
1809 2231 2010 2284 Pellegri-

205 2299 300 2342 nius
321 2299 354 2354 ⁶)
385 2298 512 2340 fidem
540 2302 754 2352 negarunt
782 2296 962 2340 fidentes
991 2299 1152 2341 nomini
1185 2299 1363 2343 honesto
1384 2300 1674 2342 Balthassaris
1695 2299 1853 2342 Perutii
1876 2299 2009 2341 archi-

209 2369 307 2411 tecti
337 2366 576 2422 clarissimi,
608 2366 676 2408 cui
706 2365 972 2419 diagramma
1000 2367 1129 2409 tribui
1159 2369 1336 2411 solebat.
1398 2369 1480 2420 Qui
1513 2382 1607 2411 cum
1638 2368 1869 2411 decesserit
1890 2380 2003 2409 anno

210 2438 331 2493 1536,
362 2437 399 2479 si
430 2440 543 2478 recte
572 2434 801 2489 imaginem
831 2433 886 2476 ab
917 2447 967 2476 eo
998 2435 1155 2478 factam
1177 2450 1270 2479 esse
1291 2437 1546 2493 crederetur,
1578 2437 1632 2480 de
1653 2438 1894 2480 sinceritate
1914 2436 2005 2477 eius

206 2506 334 2561 plane
372 2508 596 2547 constaret.
664 2503 721 2545 At
757 2502 987 2545 sciscitanti
1025 2502 1128 2546 mihi
1165 2506 1384 2561 rescripsit
1421 2507 1672 2549 Franciscus
1710 2504 2007 2549 Gamurrinius

206 2574 340 2617 musei
369 2571 603 2616 Florentini
634 2571 946 2625 archaeologus
982 2571 1193 2627 picturam
1233 2587 1328 2616 esse
1366 2575 1547 2618 ‚Ioannis
1582 2575 1774 2618 Sallustii
1804 2574 1880 2616 filii
1911 2573 2012 2615 Bal-

210 2643 416 2686 thassaris
436 2641 610 2697 Perutii,
642 2640 716 2696 qui
741 2653 854 2682 anno
878 2640 986 2683 1573
1018 2640 1124 2682 obiit
1153 2641 1449 2686 Vindobonae.
1502 2643 1583 2695 Qui
1613 2657 1706 2686 cum
1737 2643 1829 2698 ipse
1850 2643 2010 2684 Romae

208 2724 294 2753 non
338 2710 527 2766 adesset,
579 2723 663 2765 quo
690 2711 820 2753 'anno
864 2711 1033 2767 lapides
1077 2711 1301 2754 Arvalium
1347 2712 1500 2756 detecti
1530 2717 1647 2767 sunt,
1693 2712 1747 2754 ab
1779 2711 1876 2754 aliis
1908 2722 2004 2752 eum

211 2779 431 2822 certiorem
475 2778 632 2821 factum
677 2792 771 2823 esse
810 2784 1153 2835 consentaneum,
1201 2794 1328 2836 quam
1366 2782 1420 2824 ob
1458 2795 1548 2824 rem
1592 2794 1677 2823 non
1722 2780 1868 2822 dubito
1913 2790 2010 2820 eum

209 2847 397 2904 pendere
435 2860 462 2889 a
497 2847 689 2904 Ligori0,
729 2861 823 2890 cum
863 2848 908 2891 id
945 2848 1061 2904 quod
1090 2847 1220 2891 refert
1256 2851 1465 2906 portentis
1496 2864 1522 2892 a
1552 2849 1726 2904 Ligorio
1759 2845 2011 2901 excogitatis

210 2917 339 2971 plane
380 2915 653 2970 respondeat.
714 2915 869 2960 Carent
912 2923 1137 2973 praeterea
1181 2919 1297 2960 omni
1341 2918 1647 2975 probabilitate
1685 2931 1755 2973 ca,
1802 2929 1911 2971 quae
1958 2913 2011 2956 de

209 2997 362 3027 novem
399 2984 552 3026 statuis
593 2988 838 3027 narrantur:
880 3000 990 3041 quae
1028 2987 1064 3029 si
1102 2999 1201 3029 vere
1237 2987 1282 3028 in
1323 2987 1568 3030 suburbano
1606 2985 1798 3030 Gallettii
1827 2985 2011 3028 effossae

210 3057 371 3108 essent,
402 3066 479 3095 nec
509 3052 667 3095 Ursino
696 3065 775 3095 nec
805 3054 991 3097 Manutio
1023 3055 1197 3109 ignotae
1234 3055 1502 3099 mansissent.
1562 3055 1869 3109 Intelleguntur
1907 3065 2011 3094 sane

311 3203 335 3245 ¹)
361 3203 407 3238 cf.
433 3202 614 3238 Lanciaui
639 3202 664 3237 l.
690 3213 721 3238 c.
748 3213 783 3249 p.
803 3204 882 3240 106.
1234 3205 1263 3249 4)
1288 3205 1490 3250 Appendice
1518 3205 1590 3251 ‹1qu
1607 3206 1672 3238 aui
1691 3204 1923 3249 deqliAv-vali
1936 3202 2011 3237 tab.

310 3258 338 3304 ²)
365 3260 411 3295 ef.
438 3263 523 3296 acta
547 3273 580 3298 a.
603 3262 674 3297 218
700 3264 739 3296 et
754 3261 833 3298 241.
1235 3263 1263 3307 ⁸)
1290 3265 1386 3298 Anu.
1415 3263 1503 3299 [nst.
1529 3265 1625 3298 arch.
1655 3263 1745 3299 1858
1769 3274 1805 3309 p.
1820 3262 1877 3298 57.

309 3317 336 3365 ⁸)
363 3319 455 3356 Ann.
486 3319 575 3356 lust.
602 3321 698 3358 arch.
725 3319 814 3358 1841
840 3318 915 3358 tab.
942 3321 986 3358 G.
1239 3322 1267 3367 ⁸)
1294 3321 1317 3358 l.
1344 3332 1375 3358 e·
1402 3332 1438 3375 p.
1455 3322 1490 3358 9.
