2340 3658
351 237 407 282 90
1126 233 1229 274 Vota
1255 245 1383 274 annua.

353 357 433 398 691)
464 355 546 397 218
577 352 659 396 238
823 360 920 395 vota
964 358 1161 395 notantur
1206 356 1302 395 aliis
1347 356 1508 408 quidem
1553 353 1696 396 diebus
1739 367 1817 409 pro
1846 350 2166 408 imperatoribus

874 424 992 463 novis
1021 427 1227 476 suscepta,
1258 424 1457 465 solvenda
1488 428 1679 465 tamena.
1698 425 1737 465 d.
1755 425 1826 466 ΙΙΙ
1851 435 1984 465 nonas
1999 424 2164 465 lanua-

875 503 966 531 rzas
997 504 1097 532 anm
1124 493 1324 544 proaeimi.

369 560 479 603 TIB.
511 560 549 601 A
580 559 633 601 66
678 558 806 600 NER.

426 618 477 659 77
510 617 563 658 86
595 616 648 657 89
678 616 734 659 90
755 615 807 657 91

350 674 485 717 DOM.
533 674 567 714 B
627 672 682 713 D’
729 672 806 713 101
892 677 1014 713 notae
1046 673 1146 714 anni
1178 678 1215 714 et
1245 674 1329 715 diei
1359 676 1656 716 interciderunt
1687 674 1896 728 lapidibus
1926 674 2088 728 fractis.

356 732 436 774 139
461 731 542 774 180
576 728 743 771 MARC.
778 728 809 770 C

422 788 460 829 D
494 786 531 828 Gr
566 786 645 828 183
679 785 759 827 186

455 866 563 903 Vota
591 877 720 903 annua
746 876 817 914 pro
847 863 972 903 salute
1001 864 1249 914 imperatoris
1269 866 1448 906 instituta
1468 871 1560 906 sunt
1588 879 1621 906 a.
1651 880 1686 906 u.
1717 879 1749 906 c.
1779 866 1872 906 724:
1901 869 2038 905 narrat
2063 864 2166 904 enim

350 929 426 967 Dio
455 928 531 976 (51,
563 926 625 975 19)
654 923 749 971 τούς
777 940 818 964 τε
858 924 988 975 ἱερέας
1015 925 1082 964 καὶ
1111 925 1186 972 τὰς
1215 924 1361 976 ἱερείας
1387 927 1429 966 ἐν
1456 933 1546 974 ταῖς
1573 925 1672 979 ὑπέρ
1690 943 1730 967 τε
1749 929 1825 968 τοῦ
1845 925 1979 979 δήμου
2006 924 2074 970 καὶ
2092 927 2167 977 τῆς

348 990 502 1040 βουλῆς
529 985 664 1038 εὐχαῖς
691 986 756 1026 καὶ
784 985 883 1038 ὑπὲρ
913 987 1065 1026 ἐκείνου
1095 989 1168 1039 (so.
1185 990 1258 1027 τοῦ
1276 988 1506 1040 Καίσαρος)
1536 981 1686 1039 ὁμοίως
1707 987 1901 1040 εὔχεσθαι
1930 989 2015 1029 κτλ.
2056 988 2167 1029 Vota

353 1058 480 1091 autem
509 1051 607 1089 haec
637 1051 686 1088 ad
717 1055 810 1089 vota
840 1051 1063 1101 antiquiora
1090 1064 1164 1102 pro
1193 1053 1321 1090 salute
1349 1053 1404 1090 rei
1433 1053 1617 1102 publicae
1646 1053 1828 1092 kalendis
1855 1051 2051 1090 Ianuariis
2081 1063 2166 1091 sus·

352 1120 468 1166 cepta
495 1114 559 1161 (cf.
587 1113 825 1163 Marqnardt
852 1115 897 1152 R.
924 1115 967 1152 Α.
997 1115 1033 1162 2,
1062 1117 1086 1153 2
1113 1127 1150 1164 p.
1183 1117 1255 1153 124
1284 1121 1322 1154 et
1348 1116 1373 1153 4
1399 1127 1437 1165 p.
1454 1117 1545 1165 219)
1572 1117 1627 1155 ita
1653 1116 1841 1154 adiuncta
1869 1125 1957 1154 esse
1984 1118 2028 1153 ut
2055 1125 2167 1153 snum

352 1178 453 1216 diem
482 1177 720 1226 acciperent,
752 1175 834 1213 dies
864 1187 955 1214 vero
986 1177 1181 1215 secundus
1211 1177 1385 1215 Ianuarii
1412 1183 1575 1228 propter
1602 1178 1830 1227 religionem
1864 1181 1908 1215 ut
1941 1176 2166 1227 postridua·

352 1253 422 1278 nus
454 1240 519 1289 (cf.
549 1238 727 1277 Iulianus
755 1241 882 1288 misop.
912 1251 950 1289 p.
978 1240 1052 1278 346
1082 1239 1294 1289 Spanhem.
1326 1245 1366 1278 et
1393 1241 1565 1279 fortasse
1594 1245 1686 1279 acta
1714 1253 1747 1280 a.
1777 1240 1842 1292 36)
1879 1238 2167 1290 praetermitte-

351 1307 469 1351 retur,
497 1301 724 1340 observavit
754 1300 950 1339 Marinius
980 1301 1033 1351 (p.
1063 1302 1140 1351 56),
1177 1303 1363 1352 probavit
1398 1315 1522 1354 nuper
1548 1306 1813 1343 Mommsenus
1841 1303 1896 1351 (C.
1924 1303 1959 1341 Ι.
1987 1301 2037 1340 L.
2065 1301 2099 1340 Ι.
2126 1313 2168 1352 p.

349 1364 451 1414 382).
481 1365 535 1402 Et
553 1363 620 1401 ille
642 1363 798 1413 quidem
819 1364 868 1402 ab
890 1363 999 1402 initio
1020 1364 1157 1402 eadem
1187 1364 1249 1402 die
1280 1369 1372 1403 vota
1399 1378 1472 1416 pro
1500 1367 1735 1417 imperatore
1765 1370 1805 1404 et
1830 1376 1903 1415 pro
1931 1375 1972 1402 re
2001 1364 2166 1414 publica

353 1431 557 1476 concepta,
585 1431 729 1476 postca
756 1426 969 1475 separatim
997 1427 1201 1466 celebrata
1230 1439 1317 1465 esse
1346 1430 1478 1477 puta-t3
1507 1429 1750 1467 Mommseno
1778 1426 1980 1467 contraria
2007 1429 2164 1465 senten-

352 1491 408 1529 tia
434 1489 562 1539 magis
590 1488 734 1538 placet.
791 1490 856 1527 Ex
885 1489 984 1527 actis
1005 1495 1133 1528 antem
1155 1491 1362 1529 Arvalium
1390 1491 1465 1529 hoc
1494 1496 1663 1541 apparet
1690 1503 1767 1529 non
1796 1501 1952 1540 semper
1979 1493 2072 1528 vota
2099 1501 2166 1528 an-

352 1565 430 1591 nua
456 1564 528 1601 pro
556 1551 791 1600 imperatore
821 1556 912 1590 ante
943 1552 1044 1590 diem
1066 1552 1135 1590 III
1164 1564 1289 1591 nonas
1312 1553 1522 1592 Ianuarias
1551 1554 1659 1592 facta
1687 1543 1797 1603 esse;
1825 1563 1915 1591 nam
1935 1563 2038 1590 anno
2061 1555 2166 1590 certe

349 1615 396 1653 27
426 1614 553 1665 pridie
581 1625 706 1652 nonas
735 1614 894 1652 easdem
920 1615 1028 1653 facta
1057 1619 1158 1664 sunt,
1188 1627 1262 1654 nec
1291 1620 1381 1654 ante
1410 1627 1553 1655 annum
1582 1618 1632 1655 38
1668 1617 1750 1655 nlla
1784 1618 1967 1665 superest
1999 1625 2165 1653 comme-

351 1678 518 1717 moratio
548 1677 625 1715 diei
653 1676 720 1727 qui
747 1682 808 1716 est
835 1689 871 1716 a.
899 1677 1022 1715 d.111
1051 1689 1176 1715 nonas
1206 1678 1433 1726 Ianuarias;
1463 1679 1529 1729 qui
1549 1679 1599 1716 ab
1619 1690 1666 1717 eo
1693 1677 1784 1716 inde
1812 1682 1989 1727 tempore
2011 1688 2168 1727 semper

351 1740 496 1780 mansit
523 1744 699 1779 votorum
729 1739 831 1778 dies:
860 1741 908 1778 cf.
937 1741 1167 1790 Marquardt
1194 1741 1219 1778 l.
1250 1752 1280 1779 c.
1310 1741 1336 1778 4
1361 1753 1398 1790 p.
1429 1742 1504 1779 219
1547 1741 1614 1791 qui
1640 1745 1734 1792 post
1761 1739 1975 1779 Marinium
2015 1738 2070 1790 (p.
2099 1738 2165 1790 56)

353 1807 392 1843 et
417 1803 642 1841 Avellinum
671 1803 810 1852 (opusc.
841 1805 876 1851 3,
905 1804 980 1841 233
1011 1803 1137 1853 seqq.)
1168 1803 1354 1853 plurimos
1386 1803 1433 1841 de
1462 1803 1509 1842 iis
1537 1805 1648 1842 locos
1677 1803 1850 1853 collegit.

455 1877 566 1916 Vota
584 1877 653 1914 III
683 1889 807 1915 nonas
836 1877 1045 1915 Ianuarias
1074 1882 1261 1926 suscepta
1281 1877 1419 1915 eodem
1448 1877 1510 1915 die
1539 1878 1631 1916 anni
1648 1877 1892 1927 insequentis
1922 1877 2051 1917 solnta
2076 1889 2165 1916 esse

354 1945 393 1979 et
419 1951 482 1978 res
511 1939 642 1989 poscit
670 1943 708 1976 et
736 1943 825 1977 acta
854 1940 1095 1978 confirmant.
1150 1940 1441 1989 Exceptionem
1467 1941 1615 1979 faciunt
1655 1945 1748 1979 vota
1783 1939 1881 1978 deae
1907 1939 2031 1990 Diae,
2066 1952 2167 1991 quae

351 2015 428 2041 una
456 2013 542 2040 cnm
570 2001 672 2039 votis
703 2002 867 2039 aliorum
896 2002 1055 2040 deorum
1085 2008 1274 2053 suscepta
1302 2008 1425 2042 erant.
1483 2002 1595 2050 Quae
1624 2014 1710 2041 eum
1750 2001 1790 2039 in
1831 2002 1923 2040 luco
1963 1995 2046 2041 eins
2090 2002 2167 2041 sol-

353 2065 672 2120 venda-essent,
714 2076 786 2103 nec
828 2065 943 2103 facile
985 2065 1025 2103 id
1067 2065 1205 2104 eodem
1241 2066 1303 2103 die
1331 2065 1414 2103 fieri
1441 2069 1591 2115 posset,
1619 2077 1698 2115 quo
1727 2069 1860 2103 cetera
1886 2067 1981 2104 vota
2006 2065 2046 2102 in
2071 2065 2168 2104 urbe

355 2129 619 2176 solvebantur,
649 2139 696 2166 ea
727 2127 965 2166 caerimonia
992 2128 1030 2166 in
1060 2128 1160 2166 diem
1190 2128 1383 2179 quendam
1411 2127 1667 2178 posteriorem
1694 2127 1976 2166 transferretur
2003 2137 2165 2166 necesse

355 2196 450 2231 erat.
506 2191 560 2229 Et
587 2202 689 2229 anno
720 2194 823 2228 certe
854 2192 902 2228 38
931 2192 970 2229 in
1000 2191 1098 2229 actis
1129 2195 1304 2230 notatur:

827 2265 961 2319 a(nte)
995 2264 1147 2319 d(iem)
1177 2264 1261 2306 VII
1292 2263 1388 2306 idus
1420 2263 1685 2320 Ianum-(ias)

354 2345 577 2383 immolasse
606 2343 910 2393 promagistrum
938 2344 977 2382 in
1005 2344 1094 2382 luco
1124 2343 1222 2381 deae
1251 2342 1350 2381 Diae
1378 2355 1539 2382 vaccam
1576 2354 1692 2393 quam
1721 2342 1786 2381 III
1830 2343 1986 2393 non(as)
2027 2342 2171 2383 Ianua·

356 2409 435 2446 rias
465 2408 534 2456 (sc.
565 2406 658 2444 anni
685 2407 960 2455 praecedentis
989 2405 1053 2455 37)
1084 2410 1259 2444 voverat.
1315 2407 1413 2445 Eius
1443 2407 1549 2444 modi
1578 2417 1640 2444 res
1671 2417 1756 2443 eum
1786 2405 1825 2442 in
1854 2405 1952 2444 actis
1981 2416 2059 2443 non
2094 2416 2170 2443 me-

356 2475 529 2508 moretur
569 2469 642 2506 nisi
684 2469 816 2517 semel,
858 2482 935 2507 non
978 2470 1070 2508 licet
1097 2468 1303 2506 adfirmare
1339 2469 1442 2507 diem
1470 2469 1555 2508 VII
1584 2468 1672 2506 idus
1702 2467 1922 2508 Ianuarias
1943 2468 2173 2509 sollemnem

359 2533 480 2570 fuisse
510 2531 610 2569 diem
641 2536 817 2570 votorum
847 2532 943 2570 deae
973 2532 1071 2570 Diae
1103 2530 1395 2580 solvendorum
1424 2533 1540 2570 immo
1569 2542 1656 2570 cum
1684 2530 1904 2580 posteriore
1933 2533 2065 2569 aetate
2103 2530 2172 2568 illo

359 2595 420 2632 die
448 2594 609 2632 inditztIO
640 2595 742 2633 sacri
758 2595 963 2633 Arvalium
991 2595 1073 2632 fieri
1090 2594 1236 2633 soleret
1262 2595 1328 2643 (cf.
1347 2598 1436 2632 act-a
1451 2595 1501 2632 ad
1517 2592 1770 2632 indictionem
1804 2592 2045 2643 pertinentia
2063 2604 2101 2642 p.
2117 2591 2171 2644 5),

356 2658 544 2695 incertum
573 2656 726 2695 videtur
753 2657 875 2695 fuisse
905 2661 943 2695 et
971 2657 1134 2695 arbitrio
1163 2656 1340 2705 magistri
1367 2659 1598 2706 permissum
1628 2667 1706 2706 quo
1739 2655 1802 2694 die
1840 2655 1940 2694 deae
1967 2654 2068 2695 Diae
2103 2654 2172 2693 im·

357 2719 543 2759 molanda
571 2723 678 2758 esset
704 2720 863 2759 victima
891 2725 1070 2759 votorum
1100 2721 1161 2758 die
1190 2719 1398 2770 promissa.

1115 2841 1154 2882 2.
1215 2839 1425 2883 Locus.

462 2921 572 2960 Vota
600 2932 730 2959 annua
758 2920 905 2959 fiebant
931 2919 971 2958 in
1003 2919 1218 2971 Capitolio,
1259 2921 1300 2958 in
1329 2920 1427 2959 actis
1469 2923 1597 2958 autem
1638 2917 1679 2957 id
1719 2930 1797 2957 non
1839 2927 1994 2967 semper
2034 2913 2181 2955 eodem

357 2986 447 3023 loco
475 2984 711 3023 enuntiatur.
766 2984 813 3022 In
842 2983 984 3033 quibus
1016 2983 1178 3032 legitur:

363 3056 446 3114 [58]
479 3058 534 3103 59
565 3058 621 3100 60
653 3056 721 3115 [69
750 3058 802 3100 75
835 3061 852 3164 ξ
884 3058 929 3099 in
960 3056 1171 3123 Capitolio
1218 3058 1416 3099 insertum
1460 3057 1519 3099 ibi
1555 3056 1626 3098 ubi
1655 3059 2022 3096 commemorantur
2049 3053 2174 3095 victi-

431 3112 499 3170 77]
534 3114 586 3156 78
619 3115 671 3157 81
705 3114 758 3156 86
941 3127 1032 3155 mae
1066 3115 1313 3156 zmmolatae.

361 3194 414 3236 36
445 3191 560 3306 pm]
597 3194 676 3236 105
702 3192 797 3250 [117

364 3250 465 3311 118,
494 3250 688 3349 1201339
720 3251 798 3293 155
834 3199 848 3336 J

881 3216 925 3258 in
957 3215 1168 3271 Capitolio
1205 3217 1403 3257 insertum
1439 3217 1580 3258 statim
1616 3219 1711 3269 post
1750 3212 2043 3254 indicationem
2073 3210 2175 3253 anni

939 3290 975 3326 et
1007 3284 1101 3326 diei.
