2340 3658
382 230 437 274 64
1044 230 1239 268 sacrificia
1263 232 1525 268 anniversaria.

383 343 467 402 [69]
856 346 994 403 [XVII
1011 346 1071 401 (5³)
1100 346 1353 402 k(alendas)
1382 345 1680 402 Febr-(uarias)
1712 370 1762 376 —
1796 345 1849 388 ob
1872 346 2097 403 imperium
2126 346 2201 389 im-

908 414 1160 470 p(eratoris)
1191 414 1370 459 Othonis
1404 415 1603 459 Caesaris
1634 413 1870 472 Aug(usti)]
1899 415 1942 470 ¹).

856 483 881 527 ¹)
908 485 975 517 etsi
990 484 1113 527 fracto
1147 485 1268 529 lapide
1300 486 1416 519 omnia
1441 486 1526 519 haec
1552 485 1735 529 deficiunt,
1761 495 1902 518 sacrum
1926 484 1977 518 ibi
2002 493 2201 517 commemo·

920 537 1038 564 ratum
1060 531 1178 574 fuisse
1209 533 1397 567 ostendunt
1422 539 1454 566 et
1487 532 1598 574 loeus,
1626 542 1692 575 quo
1717 532 1867 572 excidit,
1893 537 1925 565 et
1948 531 2091 564 uomina
2114 540 2204 575 quae

922 583 1110 620 supersunt
1134 580 1288 614 deorum.

493 674 657 714 Sacrum
686 679 735 718 ob
765 678 969 730 imperium
999 679 1167 719 Othonis
1203 677 1243 715 in
1270 677 1371 717 actis
1402 676 1577 715 defuisse
1606 676 1760 726 nequit,
1795 687 1883 714 cum
1910 677 2093 726 potestas
2121 673 2205 713 eius

384 738 614 787 tribunicia,
651 741 901 791 consulatus,
939 742 1193 793 pontificatus
1231 741 1281 779 ab
1314 739 1527 778 Arvalibus
1558 738 1747 778 celebrati
1774 739 1862 777 sint.
1918 737 2082 777 Tacitus
2110 736 2204 788 (hist.

389 802 420 849 1,
443 799 489 839 27
509 801 637 852 seqq.)
667 803 729 841 die
759 809 902 843 octavo
932 805 1083 843 decimo
1112 804 1304 844 kalendas
1332 802 1573 841 Februarias
1593 802 1766 841 occisum
1787 801 1958 841 Galbam
1984 799 2205 851 imperinm·

386 876 462 914 que
491 864 640 903 Othoni
669 866 843 906 delatum
880 879 967 907 esse
1002 872 1154 908 narrat:
1200 869 1446 918 quapropter
1481 876 1568 905 cum
1603 865 1856 904 sacerdotum
1884 863 2054 914 collegia
2079 861 2206 914 primo

385 938 542 977 quoque
572 926 634 966 die
663 931 874 970 convenire
902 931 1076 971 solerent
1104 931 1156 970 ad
1182 929 1386 980 imperium
1414 929 1505 967 novi
1531 928 1722 979 principis
1751 927 2051 976 celebrandum,
2074 938 2146 966 nec
2166 926 2208 965 id

387 989 531 1028 factum
561 1001 647 1029 esse
676 994 805 1042 possit
830 995 919 1045 ipso
950 995 1026 1039 die,
1056 1006 1135 1045 quo
1163 992 1366 1044 imperium
1396 990 1501 1030 Otho
1531 983 1760 1042 auspicatus
1781 992 1878 1039 erat,
1907 989 2009 1029 diem
2027 989 2206 1041 proxime

387 1057 615 1102 sequentem
644 1057 790 1106 recepi.
845 1058 989 1097 Potest
1015 1062 1145 1096 tamen
1181 1061 1220 1095 et
1257 1055 1319 1094 die
1348 1055 1478 1105 aliquo
1506 1054 1724 1106 posteriore
1752 1053 1992 1093 immolatum
2021 1065 2127 1093 esse:
2156 1053 2206 1093 cf.

387 1119 509 1164 caput
537 1117 643 1166 quod
673 1120 850 1170 sequitur
880 1121 929 1160 de
957 1120 1123 1171 imperio
1150 1119 1316 1158 Vitellii.

385 1212 440 1254 69
858 1217 1100 1273 k(alendis)
1131 1217 1298 1273 Mai(is)
1339 1216 1392 1259 ob
1425 1215 1538 1257 diem
1569 1215 1722 1271 imperi
1755 1212 1931 1271 [Vitellil
1965 1210 2210 1256 Germanici

917 1286 1249 1342 imp(eratoris>,
1289 1284 1405 1342 quod
1440 1285 1549 1327 XIII
1585 1281 1838 1338 k(alendas)
1872 1280 2050 1336 Mai(as)
2079 1282 2209 1323 statu-

915 1359 1004 1398 tum
1036 1359 1112 1398 est.

491 1457 692 1495 Enarrato
734 1457 886 1506 proelio
920 1458 1182 1497 Bedriacensi
1217 1462 1421 1508 morteque
1458 1455 1628 1495 Othonis
1664 1453 1832 1493 Tacitus
1869 1453 1961 1502 (hist.
1991 1453 2028 1500 2,
2047 1449 2114 1500 55)
2151 1449 2210 1489 sie

388 1519 538 1567 pergit:
568 1526 606 1556 at
619 1520 761 1558 Romae
787 1521 878 1558 m'he'l
905 1522 1181 1570 trepidationis-5
1214 1522 1371 1560 Ceriales
1397 1521 1475 1559 ludi
1503 1532 1544 1558 eac
1569 1531 1670 1557 more
1697 1517 1953 1567 spectabantur
1962 1530 1976 1561 ,-
2001 1520 2041 1552 ut
2068 1515 2210 1552 cessisse

389 1582 563 1619 Othonem
590 1589 621 1619 et
649 1596 674 1620 a
702 1584 837 1621 Flavio
866 1584 1005 1623 Sabino
1030 1587 1219 1634 praesecto
1246 1586 1358 1631 urbis,
1387 1585 1487 1634 quod
1513 1588 1591 1620 erat
1616 1583 1655 1618 in
1682 1581 1770 1618 urbe
1787 1580 1952 1624 militum,
1979 1581 2208 1616 sacramento

398 1644 531 1682 Vitellii
559 1634 729 1684 adactum
758 1649 846 1684 certi
873 1653 1040 1684 auctores
1058 1650 1097 1685 ‘in
1117 1649 1292 1686 theatrum
1312 1649 1530 1692 adtulerunt,
1558 1646 1701 1684 Vitellio
1717 1644 1889 1693 plausere
1914 1673 1920 1680 .
1943 1672 1950 1680 .
1978 1673 1984 1680 .
2007 1673 2013 1680 .
2041 1671 2050 1680 .
2071 1671 2079 1678 .
2105 1670 2114 1678 .
2136 1669 2143 1678 .
2168 1670 2174 1678 .
2201 1669 2209 1678 .

389 1709 426 1744 in
459 1714 587 1745 senatu
629 1715 758 1746 cuncta
797 1710 914 1759 lonqis
955 1711 1114 1748 aliorum
1147 1712 1421 1761 principatibus
1462 1711 1664 1759 composita
1705 1710 1825 1745 statim
1862 1707 2102 1743 decernuntur
2137 1705 2210 1744 cet.

391 1769 603 1809 Cerialium
634 1771 718 1810 dies
747 1771 904 1810 ultimus
935 1783 981 1810 ac
1012 1772 1219 1821 primarius
1248 1774 1322 1812 fuit
1349 1774 1431 1812 dies
1452 1772 1568 1811 XIII
1589 1770 1782 1810 kalendas
1805 1769 1932 1808 Maias
1963 1766 2028 1818 (cf.
2053 1767 2091 1807 G.
2106 1766 2140 1806 I.
2158 1765 2207 1804 L.

391 1834 409 1870 l
440 1846 478 1883 p.
500 1835 603 1884 301),
634 1835 698 1885 qui
727 1835 765 1873 in
795 1836 894 1875 actis
920 1835 1118 1875 indicatur
1145 1841 1188 1875 ut
1217 1837 1299 1875 dies
1327 1837 1478 1887 imperii
1507 1834 1670 1874 Vitellii.

391 1939 475 1999 [81]
864 1943 1029 2002 XVfflI
1073 1945 1339 2002 kalendas)
1378 1943 1639 2010 Quom-(effi
1674 1975 1855 1985 .....
1888 1941 1942 1984 ob
1987 1937 2213 1995 imperium

921 2012 1153 2072 Caes[ari]s
1185 2014 1274 2058 divi
1305 2014 1411 2070 f(ili)
1440 2012 1676 2056 Domitiani
1708 2010 1942 2066 Aug(usti).
1972 2078 1974 2080 q

493 2127 692 2167 Defuncto
722 2128 958 2178 imperatore
988 2129 1080 2168 Tito
1109 2130 1283 2169 Caesare
1312 2130 1351 2168 in
1380 2129 1474 2167 villa
1494 2126 1731 2174 Cutiliarum
1751 2125 1880 2163 idibus
1911 2121 2215 2174 Septembribus

392 2189 520 2238 (Suet.
553 2191 709 2239 Tit.11;
739 2193 788 2230 cf.
826 2193 934 2243 Vesp.
962 2195 1009 2231 24
1041 2199 1080 2232 et
1108 2194 1184 2232 Dio
1214 2194 1275 2242 66,
1299 2192 1361 2245 17)
1392 2205 1510 2242 quam
1538 2191 1740 2230 celerrime
1768 2187 2019 2227 Domitianus
2047 2185 2216 2225 Romam

392 2253 509 2301 venit,
551 2254 671 2292 fratre
702 2256 818 2294 etiam
848 2261 929 2295 tum
967 2257 1056 2295 vivo
1092 2269 1141 2295 ex
1179 2257 1339 2296 Sabinis
1379 2255 1581 2306 profectus
1611 2252 1738 2305 (Suet.
1770 2252 1907 2289 Domit.
1929 2250 1976 2287 2:
2009 2254 2216 2299 correptum

390 2318 499 2365 yravi
525 2318 729 2356 valetudine
755 2319 926 2369 [Titum]
949 2323 1057 2370 prius
1077 2334 1186 2370 quam
1209 2321 1323 2370 plane
1342 2320 1483 2369 efflaret
1510 2321 1684 2363 animam,
1709 2328 1780 2366 pro
1796 2320 1938 2352 mortuo
1967 2313 2082 2351 deseri
2095 2313 2218 2356 iussin

391 2378 467 2417 Dio
496 2380 557 2428 66,
579 2381 650 2418 26:
691 2377 870 2428 ἔμπνουν
897 2378 976 2434 γάρ
1006 2397 1068 2421 τοι
1098 2380 1224 2422 αὐτὸν
1252 2379 1350 2421 ὄντα
1380 2379 1446 2420 καὶ
1474 2374 1581 2429 τάχα
1610 2373 1894 2430 περιγενέσθαι
1924 2371 2151 2424 δυνάμενον
2178 2371 2219 2419 ἐς

390 2438 575 2490 λάρνακα
599 2438 737 2492 χιόνος
765 2445 916 2495 πολλῆς
943 2442 1150 2496 γέμουσαν
1178 2441 1469 2494 ὃΔομιτιανὸς
1497 2441 1701 2492 ἐσέβαλεν,
1726 2438 1796 2477 ἵνα
1817 2439 1983 2478 θᾶσσον
2009 2431 2218 2488 ἀποθάνῃ.

393 2499 450 2540 ἔτι
477 2505 576 2554 γοῦν
604 2504 753 2552 ζῶντος
781 2504 911 2545 αὐτοῦ
952 2505 993 2552 ἔς
1033 2522 1075 2547 τε
1118 2506 1191 2560 τὴν
1219 2503 1380 2557 Ῥώμην
1417 2502 1648 2556 ἀφίππευσε
1691 2502 1758 2542 καὶ
1795 2501 1834 2548 ἒς
1863 2499 1908 2541 τὸ
1938 2495 2219 2551 στρατόπεδον

394 2564 558 2615 ἐσῆλθε,
588 2564 663 2618 τήν
690 2583 731 2607 τε
761 2567 968 2621 ἐπίκλησιν
989 2569 1055 2608 καὶ
1084 2568 1159 2620 τὴν
1188 2567 1380 2617 ἐξουσίαν
1406 2569 1482 2607 τοῦ
1514 2561 1822 2617 αὐτοκράτορος
1849 2561 1971 2613 ἔλαβε
1998 2561 2116 2613 κτλ).
2172 2561 2222 2600 In

395 2629 490 2667 urbe
520 2634 650 2669 autem
681 2637 884 2683 comperta
902 2636 1028 2672 morte
1051 2634 1132 2673 Titi
1150 2641 1293 2672 senatus
1309 2635 1417 2683 prius
1436 2644 1546 2681 quam
1573 2633 1688 2669 edicto
1711 2633 1987 2673 convocaretur,
2014 2626 2066 2664 ad
2080 2627 2220 2663 curiam

395 2695 566 2739 cucurrit,
595 2695 837 2745 obseratisque
865 2697 984 2735 adhue
1002 2698 1172 2747 foribus,
1209 2698 1338 2735 deinde
1371 2697 1509 2746 apertis
1542 2692 1663 2731 tantas
1695 2699 1839 2730 'mortuo
1873 2693 2017 2741 qratias
2044 2691 2116 2740 eqit
2142 2693 2215 2727 eet.

396 2754 523 2803 (Suet.
557 2758 624 2795 Tit.
649 2758 723 2807 11).
780 2759 925 2810 Itaque
956 2760 1018 2799 die
1046 2761 1247 2811 proximo,
1283 2764 1494 2810 postquam
1531 2756 1644 2794 Titus
1674 2754 1866 2803 excessit,
1901 2752 2150 2792 Domitianus
2176 2750 2216 2790 in

398 2819 491 2857 urbe
519 2819 732 2870 imperator
770 2826 903 2872 potest
932 2823 1091 2872 agnitus
1131 2835 1230 2862 esse.
1287 2821 1337 2860 Id
1375 2820 1627 2859 confirmatur
1659 2818 1719 2857 his
1757 2829 1857 2868 qnae
1894 2816 1942 2855 de
1973 2815 2056 2855 vita
2083 2812 2220 2854 Domi-

397 2881 495 2919 tiani
522 2883 598 2927 Dio
628 2883 704 2933 (67,
729 2884 791 2934 18)
822 2890 979 2924 narrat:
1021 2882 1277 2935 Δομιτιανὸς
1305 2882 1349 2921 δὲ
1376 2880 1489 2933 ἔζησε
1517 2879 1591 2932 μὲν
1618 2878 1687 2930 ἔτη
1716 2878 1899 2931 τέσσαρα
1927 2877 1994 2917 καὶ
2021 2874 2221 2929 τεσσαρά·

401 2957 524 2982 κοντα
555 2944 620 2983 καὶ
647 2947 783 2997 μῆνας
811 2947 910 2986 δέκα
938 2948 1006 2987 καὶ
1036 2945 1193 2999 ἡμέρας
1218 2944 1262 2994 ’ἐξ
1291 2945 1357 2985 καὶ
1387 2943 1547 2990 εἴκοσιν,
1578 2938 1832 2993 ἕμονάρχησε
1861 2939 1905 2980 δὲ
1932 2937 2001 2990 ἔτη
2021 2935 2222 2978 πεντεκαί·

402 3005 499 3044 ὄεκα
527 3006 594 3046 καὶ
622 3005 779 3059 ἡμέρας
807 3009 934 3050 πέντε.
990 3012 1120 3051 Natus
1157 3014 1288 3050 autem
1325 3014 1410 3049 erat
1443 3008 1696 3047 Domitianus
1732 3010 1821 3045 ante
1860 3004 1962 3043 diem
1990 3002 2126 3042 VIIII
2154 3000 2224 3041 ka-

403 3069 543 3109 lendas
572 3071 818 3113 Novembres
849 3074 974 3124 (Suet.
1004 3076 1114 3112 Dom.
1140 3074 1195 3124 1);
1231 3074 1463 3113 interfectus
1501 3075 1563 3110 est
1598 3074 1691 3110 ante
1720 3068 1821 3107 diem
1857 3067 1997 3107 XIIII
2024 3064 2221 3106 kalendas

406 3130 600 3172 Octobres
630 3134 699 3185 (id.
719 3135 800 3186 17):
830 3149 855 3176 a
883 3137 946 3176 die
976 3142 1104 3176 autem
1128 3138 1319 3188 vigesimo
1341 3140 1481 3187 quarto
1499 3133 1686 3173 Octobris
1716 3132 1807 3171 anni
1834 3133 1881 3170 51
1903 3141 2026 3180 usque
2047 3128 2099 3169 ad
2122 3128 2223 3167 diem

407 3193 597 3234 decimum
626 3202 806 3238 octavum
837 3199 1083 3251 Septembris
1113 3201 1204 3238 anni
1232 3203 1280 3240 96
1311 3211 1400 3239 vere
1429 3200 1680 3237 numerantur
1705 3195 1797 3235 anni
1817 3193 2083 3245 quadraginta
2111 3195 2225 3243 quat·

405 3261 493 3295 tuor
521 3269 607 3296 cum
634 3262 837 3301 mensibus
867 3263 1004 3302 decem
1032 3267 1071 3302 et
1098 3263 1238 3303 diebus
1259 3262 1398 3312 viginti
1419 3273 1500 3300 sex.
1539 3260 1643 3299 Item
1671 3259 1704 3298 si
1731 3258 1779 3296 de
1808 3257 1871 3295 die
1900 3256 2053 3295 decimo
2081 3258 2224 3295 octavo

407 3319 652 3371 Septembris
682 3325 774 3363 anni
801 3326 850 3364 96
880 3327 972 3366 anni
1000 3326 1248 3366 deducuntur
1275 3325 1500 3372 quindecim
1529 3328 1568 3364 et
1596 3323 1680 3362 dies
1711 3321 1894 3373 quinque,
1923 3319 2066 3371 quibus
2090 3317 2224 3358 Domi-
