2340 3658
946 759 1391 822 CONSPEGTUS

391 893 623 944 EORVM
665 893 842 954 QVAE
880 894 1017 943 HOC
1057 895 1406 946 VOLVMINE
1447 896 1942 947 CONTINENTVR.

254 1079 294 1129 Ι.
367 1079 746 1131 EXORDIUM.
796 1119 1655 1130 ...................
1702 1123 1710 1131 .

304 1177 321 1211 1
350 1177 406 1211 De
426 1176 567 1220 origine
587 1178 625 1210 et
643 1175 789 1210 nomine
810 1175 959 1210 fratrum
980 1175 1168 1210 Arvalium
1194 1176 1391 1223 explicatis
1410 1188 1432 1212 a.
1449 1177 1648 1212 veteribus.
1670 1197 1713 1202 —

370 1236 427 1270 De
454 1234 599 1269 nomine
625 1234 774 1268 fratrum
802 1234 974 1278 collegiis
1010 1245 1081 1269 non
1119 1236 1272 1271 usitato.
1302 1256 1344 1262 —-
1372 1236 1429 1271 De
1457 1247 1608 1271 numero
1640 1237 1711 1271 fra-

371 1298 464 1329 trum
493 1293 722 1328 duodenario
755 1292 850 1327 actis
885 1292 1100 1328 confirmato
1105 1320 1714 1331 ..............

300 1355 322 1389 2
348 1352 411 1388 Ad
437 1352 633 1396 collegium
661 1351 808 1386 fratrum
836 1351 1021 1386 Arvalium
1047 1352 1170 1397 plebei
1198 1364 1344 1399 quoque
1369 1353 1541 1389 videntur
1559 1353 1714 1390 admissi

371 1421 469 1446 esse.
499 1431 536 1435 -
568 1410 775 1455 Collegium
794 1421 815 1445 a
834 1410 996 1445 Caesare
1014 1411 1188 1456 Augusto
1206 1412 1425 1448 restitutum.
1451 1433 1490 1437 --
1521 1413 1602 1457 Quo
1620 1416 1712 1448 tem-

372 1479 463 1515 pore
490 1469 700 1504 restitutum
727 1469 777 1504 sit
802 1469 1000 1513 collegium
1003 1495 1659 1507 ...............
1706 1500 1714 1509 .

298 1530 322 1564 3
347 1528 598 1574 Imperatores
642 1530 809 1574 tempore
843 1528 1052 1574 antiquiore
1087 1528 1123 1562 in
1157 1528 1277 1574 ipsum
1311 1528 1507 1574 collegium
1545 1529 1713 1573 admissi,

368 1590 505 1633 postea
537 1588 642 1620 extra
668 1586 833 1621 ordinem
869 1587 1032 1632 cooptati
1038 1613 1708 1622 ...............

296 1647 321 1682 4
347 1646 403 1681 De
430 1645 608 1690 magistro
637 1644 788 1690 collegii
809 1656 942 1680 annuo.
971 1666 1009 1669 --v
1040 1645 1095 1679 De
1117 1646 1365 1690 promagistro
1389 1648 1576 1683 nominato
1595 1659 1616 1682 a
1635 1659 1708 1682 ma-

367 1705 508 1750 gistro,
550 1704 654 1738 cuius
692 1703 773 1738 vice
813 1704 1046 1749 fungebatur.
1111 1725 1121 1727 ἡ
1169 1704 1413 1749 Promagistri
1451 1705 1575 1751 plures
1614 1717 1709 1742 anno

369 1762 512 1799 eodem.
539 1782 578 1786 ——
607 1762 663 1797 De
691 1761 815 1797 officio
834 1762 1000 1806 magistri
1006 1788 1709 1802 ................

297 1823 320 1858 5
346 1822 401 1857 De
427 1821 573 1856 flamine
602 1831 735 1855 annuo.
762 1841 806 1846 —
834 1820 979 1855 Mortuo
1006 1822 1183 1866 magistro
1211 1826 1338 1858 cessat
1356 1822 1517 1858 officium
1541 1823 1708 1866 flaminis,

367 1881 429 1926 qui
464 1880 652 1925 quaeritur
687 1889 771 1913 num
807 1889 874 1925 per
900 1879 1052 1924 aliquod
1080 1883 1180 1914 certe
1206 1883 1352 1927 tempus
1378 1882 1587 1917 nominatus
1614 1882 1663 1918 sit
1688 1893 1710 1916 a

367 1938 553 1983 magistro.
582 1958 624 1963 —
648 1938 858 1973 Proflamen
864 1964 1653 1973 ..................
1701 1966 1707 1972 .

298 1999 320 2034 6
344 1998 505 2032 Praetor
527 2007 721 2043 perperam
749 1996 908 2040 collegio
933 1997 1105 2032 tribuitur
1109 2022 1710 2035 ..............

299 2056 319 2091 7
346 2055 402 2090 De
428 2055 553 2101 pueris
580 2055 750 2101 patrimis
778 2058 816 2091 et
841 2055 1017 2090 matrimis
1045 2066 1195 2090 numero
1215 2058 1399 2102 quattuor,
1427 2057 1489 2102 qui
1505 2057 1707 2093 Arvalibus

366 2116 519 2160 praesto
555 2116 661 2149 erant
663 2140 1709 2152 .......................

293 2174 317 2208 8
343 2173 398 2207 De
423 2172 654 2208 kalatoribus
681 2176 720 2208 et
745 2173 905 2219 publici«
925 2174 1075 2208 fratrum
1095 2173 1295 2208 Arvalium.
1324 2193 1366 2198 —
1394 2174 1544 2209 Publici
1565 2174 1708 2210 addicti

366 2231 540 2267 universo
568 2231 746 2277 collegio,
782 2231 972 2267 kalatores
1006 2231 1181 2267 fratribus
1217 2231 1383 2278 singulis.
1411 2252 1444 2258 --
1481 2233 1661 2269 Publicus
1688 2245 1709 2268 a

367 2290 642 2325 commentariis
683 2290 834 2325 fratrum
874 2290 1077 2325 Arvalium.
1113 2311 1154 2315 -
1190 2291 1414 2326 Tabularius
1455 2291 1611 2328 rationis
1643 2293 1707 2328 ka-

364 2348 520 2384 streusis
524 2374 1652 2386 .........................
1699 2377 1705 2384 .

295 2407 317 2441 9
343 2407 416 2441 Kal
427 2409 553 2442 atores
581 2418 647 2453 pro
674 2409 873 2442 accessione
906 2410 991 2442 sunt
1018 2407 1270 2450 sacerdotum,
1303 2411 1522 2455 mortuoque
1555 2414 1710 2456 patrono

368 2476 414 2500 ex
442 2466 566 2501 officio
586 2469 733 2501 exeunt.
755 2487 793 2491 -
818 2466 874 2502 Ob
896 2465 1082 2501 introitum
1102 2476 1211 2500 arcae
1231 2465 1380 2511 collegii
1398 2478 1573 2503 summam
1594 2480 1706 2514 quau-

369 2523 452 2559 dam
480 2524 567 2559 dare
588 2523 727 2559 debent
732 2550 1706 2563 ......................

271 2582 321 2618 10
346 2582 532 2618 Aedituus
537 2608 1654 2620 .........................
1701 2612 1707 2618 .

271 2641 312 2675 11
343 2640 399 2675 De
436 2641 536 2676 cultu
572 2642 722 2677 fratrum
750 2641 951 2675 Arvalium.
984 2663 999 2665 --
1050 2642 1130 2675 Dea
1156 2642 1236 2675 Dia.
1284 2663 1287 2665 >
1336 2642 1451 2677 Sacra
1482 2643 1529 2678 ad
1561 2643 1704 2679 domum

365 2699 575 2744 Augustam
593 2700 831 2746 pertinentia.
852 2719 888 2724 -
909 2698 1070 2734 Numina
1088 2701 1123 2734 in
1144 2700 1226 2735 luco
1241 2700 1426 2735 Arvalium
1445 2701 1546 2736 culta
1562 2706 1710 2748 praeter

368 2756 474 2792 deam
501 2758 607 2793 Diam
612 2783 1704 2796 ........................

271 2815 318 2850 12
345 2816 447 2851 Acta
479 2816 670 2852 Arvalium
707 2829 779 2863 quo
812 2817 921 2852 modo
957 2819 1106 2851 exarata
1139 2818 1178 2850 et
1203 2821 1385 2863 concepta
1411 2818 1552 2854 fuerint.
1580 2838 1622 2843 —
1650 2819 1705 2854 De

365 2877 505 2909 mutata
532 2879 569 2909 et
595 2875 772 2910 exarandi
799 2879 837 2910 et
863 2877 1098 2922 concipiendi
1125 2877 1268 2911 ratione
1274 2901 1704 2911 ..........

274 2933 320 2967 13
347 2932 477 2967 Lucus
512 2932 703 2968 Arvalium
732 2935 799 2969 fuit
827 2934 924 2980 apud
952 2935 1113 2981 lapidem
1142 2935 1306 2979 quintum
1333 2934 1394 2968 via
1421 2934 1609 2980 Campana
1634 2946 1706 2980 qua

365 3000 462 3025 nunc
475 2991 652 3026 estviuea
667 2991 992 3029 Ceecarelliorum.
1006 3013 1043 3017 -
1057 2993 1112 3027 De
1129 2993 1374 3027 monumentis
1389 2993 1425 3027 in
1441 3003 1529 3038 agro
1540 2993 1704 3028 Fabricii

366 3048 523 3083 Galletti
550 3049 635 3084 olim
663 3051 834 3096 repertis.
863 3071 904 3076 —
932 3052 1159 3096 Fragmenta
1190 3052 1354 3086 actorum
1381 3051 1572 3086 Arvalium
1599 3052 1704 3087 Ursi-

365 3106 478 3142 niana
504 3110 543 3142 et
568 3108 652 3154 ipsa
678 3108 714 3143 in
740 3119 830 3154 agro
850 3109 1079 3145 Gallettiano
1107 3109 1255 3151 effossa,
1282 3108 1377 3144 hunc
1403 3113 1524 3144 autem
1550 3109 1705 3145 eundem

365 3175 453 3200 esse
481 3168 592 3211 atque
627 3166 773 3201 vineam
801 3167 1122 3203 Cecearelliorum.
1152 3187 1189 3192 —
1223 3167 1347 3202 Vinea
1379 3167 1608 3203 Gallettiana
1633 3179 1705 3214 quo

372 3223 481 3259 modo
508 3224 582 3260 dici
607 3225 769 3272 potuerit
793 3224 839 3259 ad
866 3224 1025 3271 lapidem
1054 3227 1220 3271 quartum
1247 3225 1321 3261 sita
1346 3236 1442 3261 esse.
1464 3253 1471 3261 .
1510 3252 1518 3261 .

2008 1046 2080 1080 Pas.

1878 1094 2080 1132 I—XXVI

1973 1296 2079 1331 1-11

2040 1473 2077 1508 II

1915 1591 2076 1626 III—IV

1930 1766 2072 1800 IV—V

1930 1942 2075 1978 v—VI

2016 2001 2076 2036 VI

1888 2117 2073 2152 VI—VII

1847 2351 2073 2386 VII—VIII

1976 2529 2071 2565 vm

2017 2586 2147 2621 IXs

2015 2762 2067 2796 IX

1910 2878 2070 2913 IX-—Xl

1873 3229 1928 3266 XI
1940 3229 2071 3267 -XIII
