2340 3658
952 196 1055 232 Vota
1079 206 1211 232 annua.
1903 197 1982 241 107

167 315 311 364 patres
338 311 512 362 scripsit,
539 311 763 362 adsumptis
788 311 973 351 omnibus
999 310 1278 360 imperatorum
1305 309 1431 348 titulis
1458 308 1500 359 (l.
1529 321 1563 348 e.
1590 308 1652 358 79,
1678 309 1742 358 2):
1770 321 1898 360 neque
1925 315 1984 349 ta·

173 386 261 414 men
290 378 385 413 vota
409 385 482 424 pro
525 375 653 414 salute
692 375 776 412 eius
809 377 997 423 suscepta
1023 375 1117 411 sunt
1142 372 1219 410 nisi
1246 371 1375 422 pridie
1403 371 1492 409 idus
1519 372 1660 420 Iulias,
1687 383 1766 422 quo
1794 371 1857 410 die
1884 373 1986 410 inter

173 437 338 477 sodales
365 437 659 476 Antoninianos
689 436 873 486 (Henzen
892 435 1011 486 6053)
1038 439 1080 474 et
1106 434 1335 473 sacerdotes
1362 434 1403 472 in
1430 434 1531 472 aede
1548 434 1658 473 Iovis
1678 435 1987 484 propugnatoris

108 501 115 544 :j
174 501 435 543 consistentes
468 499 565 549 (ibd.
595 500 712 547 6058)
741 499 990 548 Elagabalus
1030 501 1241 547 cooptatus
1283 500 1355 534 est.
1413 495 1585 536 Constat
1624 497 1744 546 igitur
1783 502 1876 535 vota
1913 509 1986 546 pro

167 563 288 603 ‘novis
314 562 617 611 imperatoribus
646 561 802 600 minime
832 562 922 611 ipso
962 561 1026 598 die
1064 560 1220 610 imperii
1260 564 1489 608 nuncupata
1514 571 1617 607 esse,
1656 559 1824 610 ideoque
1852 571 1986 610 quam-

84 620 112 674 ᾖ
167 637 291 676 quam
320 623 565 663 Gordianum
592 626 671 662 iam
698 636 732 663 a.
762 624 799 662 d.
826 624 871 662 X
898 623 1090 662 kalendas
1117 622 1242 660 Iulias
1270 622 1362 660 anni
1387 623 1463 660 238
1491 622 1709 672 imperasse
1737 622 1883 660 seimus
1919 621 1987 671 (cf.

97 678 107 726 5
175 688 266 726 God.
293 688 331 734 2,
362 688 420 734 10,
448 688 473 724 2
514 692 554 724 et
588 687 834 735 Borghesius
878 687 979 723 Β-ηιι.
1019 699 1107 735 παρ.
1147 698 1184 722 n.
1226 697 1255 723 s.
1284 684 1304 722 τ
1347 697 1386 734 p.
1414 686 1477 733 45,
1509 697 1596 734 opp.
1623 687 1647 723 5
1675 697 1714 735 p.
1742 685 1850 734 488),
1894 688 1989 722 vota

90 760 96 797 g
119 772 121 774 -
143 754 146 755 ⁷
171 761 252 802 ‚pro
295 750 424 787 salute
464 749 548 786 eius
592 748 764 787 dubitari
802 752 950 798 potest,
993 760 1086 785 num
1124 759 1259 785 mense
1287 747 1405 785 Iunio
1438 751 1670 796 nuncupata
1698 747 1787 786 sint.
1842 746 1989 795 Quam·

173 825 294 866 quam
320 816 471 850 certum
498 816 561 849 est
587 822 797 861 perperam
826 811 1013 849 statuisse
1039 809 1248 848 Matinium
1276 808 1331 859 (p.
1359 808 1451 859 704)
1480 812 1683 859 protracto
1724 810 1776 847 ad
1818 809 1989 847 medium

176 875 334 914 circiter
370 885 544 912 mensem
583 873 726 911 Iulium
756 873 927 923 Pupieni
969 885 1016 911 ae
1052 871 1215 910 Balbini
1241 872 1406 921 imperio
1434 883 1469 910 a.
1499 871 1536 909 d.
1564 871 1627 910 VI
1662 872 1751 910 idus
1780 874 1989 922 Augustas

174 940 269 976 vota
293 948 368 987 pro
397 935 603 974 Gordiano
632 940 822 985 suscepta
849 947 950 974 esse.

243 998 247 999 ⁷
277 999 340 1038 De
353 998 452 1049 ipsis
468 999 591 1037 sacris
606 997 857 1036 observanda
874 1002 965 1035 sunt
977 997 1087 1036 haee.
1112 997 1219 1035 Vota
1238 1009 1273 1034 a.
1290 996 1328 1035 d.
1345 996 1416 1034 III
1432 1008 1556 1035 nonas
1576 997 1783 1036 Ianuarias
1798 1002 1990 1047 suscepta

175 1074 264 1102 cum
279 1066 405 1100 morte
432 1061 679 1111 imperatoris
706 1061 815 1099 irrita
843 1060 953 1098 faeta
980 1064 1128 1108 essent,
1143 1061 1181 1098 in
1198 1071 1332 1097 eorum
1346 1060 1476 1097 locum
1491 1064 1585 1097 vota
1598 1071 1671 1109 pro
1693 1071 1794 1097 novo
1809 1060 1988 1110 principe

176 1126 439 1174 susceperunt
463 1128 504 1161 et
522 1123 572 1161 ob
602 1135 649 1160 ea
667 1123 936 1171 immolarunt,
963 1122 1003 1177 id
1032 1122 1140 1171 quod
1168 1123 1286 1172 plane
1315 1122 1452 1160 dieunt
1481 1127 1573 1160 aeta
1601 1121 1785 1169 Othonis,
1811 1128 1987 1172 praeter·

87 1228 89 1234 ,
174 1187 335 1227 mittunt
352 1186 565 1235 Elagabali
592 1190 631 1223 et
650 1185 843 1223 Gordiani
869 1186 910 1223 in
937 1185 1039 1223 votis
1059 1184 1275 1223 referendis
1296 1196 1370 1234 pro
1389 1184 1503 1222 huius
1533 1184 1676 1222 aetatis
1705 1184 1987 1223 consuetudine

111 1251 113 1253 ’
175 1249 419 1288 brevissima.
474 1248 534 1286 De
562 1247 788 1286 Domitiano
817 1249 951 1298 paullo
978 1248 1093 1285 aliter
1117 1259 1182 1285 res
1213 1259 1256 1285 se
1293 1247 1426 1284 habet.
1481 1246 1590 1285 Vota
1623 1246 1726 1285 enim
1758 1259 1895 1286 mense
1922 1247 1986 1285 Ia-

175 1311 313 1351 nuario
353 1311 461 1349 facta
501 1322 589 1349 eum
633 1322 710 1348 non
749 1323 823 1360 pro
865 1311 950 1348 solo
988 1311 1227 1360 imperatore
1270 1310 1457 1348 defuncto
1486 1314 1712 1358 nuncupata
1740 1311 1888 1357 essent,
1915 1309 1987 1347 sed

177 1385 303 1425 aeque
329 1373 572 1424 pertinerent
598 1373 651 1411 ad
676 1373 944 1411 Domitianum
974 1372 1192 1411 Caesarem
1227 1372 1293 1422 (ef.
1322 1377 1415 1410 acta
1442 1383 1476 1409 a.
1506 1373 1587 1420 81),
1627 1375 1752 1408 morte
1779 1370 1859 1408 Titi
1887 1371 1989 1410 Cae-

177 1437 281 1476 saris
310 1448 362 1475 ex
387 1440 500 1486 parte
527 1439 681 1474 tantum
708 1435 820 1473 irrita
846 1435 954 1474 facta
979 1439 1080 1473 sunt.
1134 1435 1306 1472 Arvales
1335 1433 1455 1482 igitur
1482 1439 1522 1471 et
1551 1445 1625 1483 pro
1664 1432 1829 1483 imperio
1856 1433 1990 1472 Domi·

174 1499 271 1538 tiani
298 1510 403 1537 nova
428 1502 522 1536 vota
549 1502 818 1547 conceperunt
856 1502 896 1536 et
936 1497 1075 1535 eodem
1117 1502 1295 1547 tempore
1322 1497 1457 1546 priora
1482 1495 1557 1534 diis
1585 1495 1910 1534 commendarunt
1936 1496 1988 1533 ob

177 1571 341 1611 eamque
367 1571 449 1598 rem
476 1559 635 1598 easdem
664 1560 845 1614 victimas
874 1559 1142 1607 immolarunt,
1179 1559 1323 1609 quibus
1357 1559 1569 1598 immolatis
1597 1561 1694 1596 vota
1720 1558 1988 1597 solvebantur.

177 1623 265 1662 Diis
289 1622 527 1672 Capitolinis
543 1634 591 1661 ac
606 1621 735 1662 Saluti
750 1609 936 1672 publicae
956 1622 1117 1660 addit-ur
1139 1621 1278 1670 genius
1292 1620 1554 1670 imperatoris,
1577 1620 1639 1658 cni
1657 1624 1793 1658 taurus
1817 1632 1867 1658 ex
1880 1632 1987 1659 more

175 1686 420 1725 immolatur:
448 1684 566 1733 genio
594 1688 724 1723 autem
752 1685 941 1735 principis
961 1685 1080 1723 etiam
1096 1684 1196 1722 alias
1211 1695 1285 1733 pro
1301 1684 1429 1722 salute
1445 1683 1528 1721 eius
1545 1682 1790 1721 sacrificatur
1816 1683 1882 1730 (cf
1898 1688 1990 1721 acta

177 1749 417 1800 pertinentia
443 1747 495 1785 ad
522 1759 638 1785 sacra
663 1759 736 1797 pro
766 1748 894 1785 salute
914 1747 1133 1797 principum
1155 1752 1268 1784 extra
1287 1746 1465 1784 ordinem
1492 1746 1599 1784 faeta
1619 1757 1658 1795 p.
1672 1747 1722 1783 85
1742 1744 1886 1795 seqq.),
1914 1745 1991 1783 etsi

175 1813 217 1851 in
242 1811 346 1850 votis
374 1810 513 1849 annuis
539 1810 669 1848 locum
697 1821 774 1847 non
800 1810 959 1848 habeat.
984 1832 1035 1838 —
1062 1811 1143 1848 Pro
1172 1810 1299 1854 salute
1322 1808 1492 1848 Othonis
1522 1813 1617 1847 vota
1644 1813 1872 1857 nuncupata
1899 1812 1990 1846 sunt

177 1875 278 1923 Iovi,
304 1874 459 1921 Iunoni,
486 1874 702 1920 Minervae,
730 1872 871 1921 Saluti,
899 1878 1110 1923 praeterea
1143 1872 1235 1910 divo
1266 1871 1468 1920 Augusto,
1496 1869 1611 1907 divae
1638 1871 1869 1919 Augustae,
1898 1870 1990 1908 divo

177 1936 364 1984 claudio;
393 1936 547 1974 scilicet
572 1935 738 1973 vidimus
766 1935 804 1972 in
834 1935 1072 1973 carminibus
1101 1940 1282 1973 votorum
1310 1934 1383 1972 sub
1404 1933 1517 1971 Iuliis
1534 1931 1796 1982 Claudiisque
1823 1933 1989 1982 impera-

175 2000 328 2038 toribus
356 1998 577 2036 numinibus
609 1997 846 2047 Capitolinis
876 1998 988 2036 divos
1018 2008 1174 2047 semper
1202 1996 1360 2034 additos
1401 2007 1503 2044 esse,
1546 1995 1618 2032 sub
1646 1995 1795 2033 Flaviis
1823 1996 1990 2045 impera-

175 2063 328 2102 toribus
367 2061 409 2099 id
436 2060 615 2099 desiisse.
660 2082 703 2087 α
746 2060 844 2099 Cum
885 2061 987 2099 votis
1030 2061 1169 2098 annuis
1209 2071 1282 2109 pro
1324 2059 1454 2097 salute
1484 2057 1699 2106 Elagabali
1732 2060 1773 2094 et
1799 2056 1994 2096 Gordiani

178 2124 375 2175 susceptis
403 2123 617 2162 coniuncta
644 2127 734 2161 sunt
761 2127 855 2161 vota
882 2122 1127 2169 decennalia,
1155 2133 1257 2171 quae
1286 2133 1388 2159 anno
1415 2121 1490 2158 218
1518 2125 1613 2157 nota
1640 2131 1714 2169 pro
1755 2120 1844 2158 solo
1882 2121 1991 2170 prin-

177 2187 265 2237 eipe
305 2190 535 2236 nuncupata
573 2196 661 2223 esse
702 2185 857 2223 omissis
901 2185 991 2223 avia
1018 2184 1123 2222 Iulia
1149 2185 1288 2222 Maesa
1314 2183 1509 2232 domoque
1538 2193 1683 2220 eorum.
1737 2182 1799 2220 De
1826 2182 1874 2220 iis
1900 2182 1991 2231 Dio,

177 2261 267 2288 eum
305 2253 423 2288 antea
460 2249 500 2286 in
541 2247 770 2286 decennium
809 2247 1014 2297 imperium
1053 2246 1093 2284 in
1135 2246 1361 2296 provincias
1405 2257 1497 2283 suas
1530 2247 1756 2294 Augustum
1787 2245 1992 2294 accepisse

176 2312 397 2352 narraverit
413 2312 493 2361 (53,
511 2310 588 2359 13),
617 2309 755 2349 scribit
780 2309 859 2348 sic:
886 2310 963 2359 τῆς
987 2310 1087 2360 γοῦν
1115 2307 1326 2354 δεκαετίας
1353 2301 1603 2356 ἐξελθούσης
1629 2301 1735 2343 ἄλλα
1764 2303 1834 2356 ε’τη
1860 2303 1991 2350 πέντε,

177 2369 264 2413 εἶτα
303 2370 432 2418 πέντε,
473 2387 541 2410 και
580 2369 684 2420 μετὰ
726 2372 848 2409 τοῦτο
884 2369 983 2409 δέκα
1011 2370 1077 2408 καὶ
1106 2367 1224 2420 ἕτερα
1252 2363 1378 2415 αυθις
1406 2366 1504 2407 δέκα
1531 2363 1720 2412 πεντάκις
1749 2364 1865 2420 αὐτῷ’
1890 2366 1989 2418 ἔψη.

179 2435 329 2489 φίσθη,
357 2429 462 2474 ω’στε
481 2436 531 2487 τῆ
559 2435 641 2472 τῶν
668 2431 968 2482 δεκαετηρίδων
986 2431 1161 2483 διαδοχῇ
1182 2430 1249 2469 διὰ
1270 2430 1365 2480 βίου
1395 2427 1521 2469 αὐτὸν
1537 2431 1813 2480 μοναρχῆσαι.
1833 2428 1900 2467 καὶ
1922 2427 1992 2466 διὰ

177 2498 300 2537 τοῦτο
319 2511 386 2536 και
406 2494 444 2535 οἱ
461 2494 566 2545 μετὰ
594 2496 727 2533 ταῦτα
756 2491 1071 2545 αιτοκράτορες,
1100 2491 1232 2532 καίτοι
1259 2492 1400 2543 μηκέτ’
1427 2491 1468 2537 ἐς
1486 2490 1637 2530 τακτὸν
1656 2487 1810 2542 χρόνον
1836 2487 1926 2528 ἀλλ’
1952 2489 1994 2535 ἔς

178 2558 314 2599 πάντα
340 2558 540 2604 καθάπαξ
566 2556 637 2597 τὸν
662 2556 754 2606 βίον
781 2554 1126 2605 αποδεικνύμενοι,
1155 2568 1267 2604 ομως
1293 2553 1363 2593 διὰ
1389 2555 1472 2592 τῶν
1498 2551 1597 2591 δέκα
1624 2549 1686 2590 ἀεὶ
1713 2552 1816 2591 ἐτῶν
1842 2549 1992 2602 ἑώρτα-

180 2637 260 2662 σαν
286 2618 341 2667 ὥς
367 2619 436 2660 καὶ
455 2619 531 2671 τὴν
557 2617 775 2672 ἡγεμονίαν
802 2611 929 2663 αὖθις
955 2614 1046 2657 τότε
1064 2614 1364 2666 ἀνανεούμενοι.
1392 2614 1458 2653 καὶ
1474 2615 1598 2653 τοῦτο
1626 2613 1693 2652 καὶ
1713 2617 1785 2653 νῦν
1803 2614 1991 2667 γίγνεται.

179 2685 295 2725 Idem
322 2685 372 2723 de
398 2683 560 2723 Tiberio
600 2681 679 2733 (57,
707 2681 793 2732 24)·
835 2677 1085 2719 διελθόντων
1126 2679 1170 2718 δὲ
1209 2679 1291 2716 τῶν
1331 2675 1428 2715 δέκα
1470 2675 1573 2715 ε’τιῖἱν
1605 2678 1678 2727 τῆς
1706 2674 1836 2727 ἀρχῆς
1862 2673 1991 2715 αὐτοῦ

179 2746 457 2799 ψηφίσματος
481 2745 556 2794 μὲν
581 2741 622 2789 ἔς
648 2742 724 2794 τὴν
750 2738 959 2792 ἀνάληψιν
988 2738 1117 2791 αὖτνς
1144 2738 1310 2784 οὐδενὸς
1338 2735 1490 2789 ἐδεήθη
1518 2734 1630 2787 (οὐδὲ
1656 2737 1734 2790 γὰρ
1762 2737 1891 2777 ἐδεῖτο
1925 2753 1994 2776 κα-

179 2807 391 2859 τατέμνων
418 2803 559 2858 αὐτήν,
597 2802 734 2856 ὥσπερ
762 2801 784 2843 ὅ
812 2801 1062 2855 Αὔγουστος
1102 2798 1273 2852 αρχειν),
1313 2798 1337 2852 ἡ
1378 2798 1517 2850 μέντοι
1555 2798 1715 2877 πανήγξ
1719 2814 1782 2851 ρις
1807 2798 1833 2851 ἦ
1862 2801 1994 2839 §exae-

179 2869 296 2923 τηρὶς
321 2868 519 2920 ἐποιήθη;
546 2874 587 2908 et
614 2869 663 2907 de
691 2867 881 2907 decennio
908 2866 1032 2904 altero
1060 2865 1140 2916 (58,
1167 2865 1256 2914 24):
1287 2861 1392 2913 μετὰ
1428 2860 1473 2900 δὲ
1498 2863 1633 2901 ταῦτα
1664 2862 1849 2901 εῗκοστοῦ
1876 2859 1994 2907 ἔτους

180 2933 256 2983 τῆς
281 2929 412 2983 ἀρχῆς
443 2930 684 2975 ἐπιστάντος
723 2926 849 2974 αὐτὸς
885 2927 972 2978 με’ν,
1013 2925 1146 2965 καίτοι
1185 2923 1283 2977 περί
1316 2938 1359 2963 τε
1398 2922 1445 2963 τὰ
1480 2922 1681 2973 Ἀλβανὸν
1720 2938 1787 2962 και
1827 2922 1916 2975 περὶ
1944 2921 1991 2962 τὸ

186 2989 450 3033 Τούσκουλον
489 2992 727 3043 διατρίβων,
768 2987 842 3029 οὐκ
881 2989 1058 3040 ἐσῆλθεν
1099 2987 1140 3034 ἒς
1165 2987 1240 3039 τὴν
1266 2986 1395 3032 πόλιν,
1432 3001 1469 3025 οι
1496 2986 1535 3025 δ’
1562 2982 1711 3025 ὕπατοι
1736 2981 1925 3030 Λούκιός
1950 2998 1993 3023 τε

187 3053 419 3102 Οὗιτέλλιος
457 3055 523 3094 καὶ
562 3052 723 3103 Φάβιος
761 3050 969 3102 Περσικὸς
1006 3049 1082 3101 τὴν
1121 3048 1390 3100 δεκαετηρίδα
1432 3047 1508 3100 τὴν
1545 3047 1739 3099 δευτέραν
1778 3045 1993 3097 ἑώρτασαν

183 3112 308 3168 (οὕτω
351 3117 431 3170 γὰρ
472 3113 616 3168 αὐτήν,
657 3113 746 3154 ἀλλ’
786 3111 860 3153 οὐκ
900 3111 1181 3164 εἷκοσετηρίδα
1221 3109 1449 3161 ὠνόμαζον)
1492 3107 1547 3156 ὥς
1587 3109 1654 3149 καὶ
1678 3108 1752 3161 τὴν
1778 3107 1994 3161 ἡγεμονίαν

185 3172 310 3225 αὖθις
337 3178 449 3234 αὐτῷ
477 3177 582 3219 κατὰ
600 3176 672 3217 τὸν
685 3173 936 3228 Αὔγουστον
955 3171 1150 3219 διδόντες.
1187 3174 1475 3225 Imperatorum
1494 3173 1754 3223 posteriorum
1775 3172 1824 3210 de
1852 3171 1995 3210 decen-

185 3242 340 3282 nalibus
369 3249 483 3282 notat
510 3240 723 3280 Eckhelius
751 3239 792 3289 (8
821 3252 859 3289 p.
885 3237 977 3286 476)
1004 3237 1098 3275 nihil
1127 3237 1230 3275 tradi
1258 3240 1349 3276 ante
1379 3237 1622 3275 Antoninum
1651 3236 1781 3284 Pium,
1814 3235 1880 3284 qui
1915 3235 1992 3284 pri-
