2340 3658
387 213 465 257 132
1200 212 1364 252 Piacula.

385 328 852 388 [219]221[ALEX.D]
883 332 1140 385 mag(isteri)
1163 333 1190 385 ¹)
1236 334 1347 374 illius
1393 366 1401 374 .
1444 366 1452 375 .
1494 367 1503 375 .
1543 365 1551 374 .
1599 333 1651 376 ob
1698 333 1798 376 ferri
1842 334 2048 377 inlatione
2093 335 2182 388 (sic.

910 400 1153 452 elationem)
1185 401 1418 456 scripturae
1450 405 1491 444 et
1521 402 1762 456 scalpturae
1793 403 2026 446 marmoris.
2047 404 2078 457 ¹)

852 468 945 503 Dedi
972 471 1056 503 acta
1081 480 1111 502 a
1139 469 1218 506 221.

853 516 876 556 ¹)
902 529 948 549 so.
975 516 1176 562 piaculum:
1203 520 1306 552 verba
1331 518 1516 562 magisteri
1545 518 1695 552 secundi
1714 521 1752 552 iu
1766 521 1854 553 actis
1872 521 2032 554 elationis
2051 520 2185 556 desunt.

852 563 877 604 ²)
905 564 1028 609 operis
1055 565 1210 610 perfecti
1242 578 1311 610 pro
1342 566 1530 600 marmoris
1565 573 1630 600 aot.
1660 566 1739 600 elat.
1767 585 1810 591 —
1837 565 2088 611 Fragmentum
2112 568 2182 601 em·-

908 625 1025 656 9num,
1075 612 1168 655 quod
1215 620 1358 657 propter
1399 612 1689 647 similitudinem
1719 614 1918 647 litterarum
1971 615 2180 658 temporibus

915 659 1115 693 Alexandri
1147 660 1271 699 tribui,
1304 661 1442 694 easdem
1475 661 1613 694 videtur
1648 661 1842 694 exhibuisse
1869 662 2066 705 formulas:
2102 662 2183 696 item

917 708 1049 740 similia
1075 714 1156 739 swnt
1181 717 1222 739 ea
1248 719 1336 751 quae
1362 719 1403 741 eae
1429 713 1517 741 actis
1543 720 1574 743 a.
1600 708 1669 742 219
1694 716 1888 750 supersunt.

385 771 499 831 [222]
856 774 1047 832 [feri-ujm
1096 774 1305 817 inferendi
1356 776 1590 831 scripturae
1636 781 1676 819 et
1720 775 2013 833 scail]ptur[ae
2060 775 2185 833 mar]-

907 843 1086 895 m(oris).
1109 843 1136 895 ¹)
1330 895 1332 897 ι

853 911 1025 968 {ferrum
1057 912 1264 954 efferendi
1307 913 1542 968 scripturae
1584 918 1625 955 et
1665 913 1920 971 scalpturae]
1964 913 2184 969 magisteri

907 981 1080 1037 peracti.
1106 981 1134 1032 ¹)

853 1052 875 1094 ¹)
898 1052 936 1085 in
962 1052 1049 1084 actis
1076 1050 1263 1084 tutationis
1288 1052 1415 1084 mentio
1441 1052 1603 1095 magistri
1630 1053 1726 1093 anni,
1764 1053 1862 1086 cuius
1888 1059 1968 1086 acta
1993 1052 2186 1086 incidenda

917 1105 1008 1140 sunt,
1034 1098 1218 1130 coniuncta
1243 1105 1318 1130 orat
1343 1110 1419 1132 cum
1445 1099 1557 1132 verbis
1588 1098 1771 1144 piaculum
1807 1099 1959 1136 factum:
1997 1099 2184 1145 deficiebat

916 1147 954 1179 in
980 1146 1066 1179 actis
1093 1145 1267 1178 elationis.

386 1218 468 1261 225
858 1213 1115 1269 mag(isteri>
1163 1215 1275 1255 illius
1297 1214 1326 1267 ¹)
1377 1214 1430 1256 ob
1482 1214 1583 1256 ferri
1623 1214 1873 1258 inlationem
1923 1215 2184 1270 (elationem)

908 1283 1178 1338 scriptur(ae)
1212 1286 1252 1323 et
1282 1283 1560 1338 sculptur(ae)
1591 1284 1847 1336 marmor(is)
1879 1297 2021 1327 causa.
2041 1284 2072 1338 ²)

852 1353 876 1393 ¹)
903 1365 949 1388 sc.
976 1351 1178 1398 piaculum:
1205 1352 1310 1385 verba
1335 1352 1523 1396 magisteri
1550 1350 1647 1385 illius
1674 1364 1737 1388 om.
1765 1361 1844 1388 acta
1869 1354 2038 1388 elationis.

851 1399 878 1443 2)
906 1400 1029 1446 operis
1055 1398 1209 1444 perfecti
1233 1409 1299 1443 pro
1324 1399 1514 1434 marmoris
1541 1407 1607 1433 act.
1634 1399 1716 1435 elat.

485 1473 608 1510 Ferro
651 1471 707 1510 uti
748 1471 786 1508 in
825 1470 948 1508 sacris
989 1481 1064 1506 non
1092 1468 1248 1506 licebat.
1304 1468 1492 1514 Legimus
1522 1469 1626 1518 apud
1655 1469 1901 1508 Macrobium
1930 1471 1983 1519 (5,
2014 1471 2072 1518 19,
2103 1470 2184 1519 11):

387 1538 529 1574 omnino
557 1536 608 1572 ad
632 1547 707 1572 rem
735 1535 896 1571 divinam
917 1533 1094 1582 pleraque
1123 1543 1235 1568 aenea
1255 1531 1419 1569 adhiberi
1437 1533 1545 1569 sol-ita
1562 1534 1677 1570 multa
1700 1534 1836 1569 indicio
1864 1539 1955 1579 sunt,
1983 1537 2022 1572 et
2049 1533 2186 1583 paullo

383 1604 475 1649 post
502 1599 541 1647 (l.
573 1610 604 1636 c.
636 1597 698 1648 13)
730 1597 849 1635 verba
877 1595 1063 1635 Carminii
1092 1594 1210 1632 haec:
1247 1596 1355 1644 prius
1394 1598 1516 1644 itaque
1558 1602 1590 1633 et
1622 1596 1757 1633 Tuscos
1799 1609 1907 1634 aeneo
1948 1609 2088 1635 vomere
2121 1599 2186 1643 uti,

383 1675 462 1699 eum
490 1663 724 1700 conderentur
751 1661 867 1705 urbes,
894 1660 1029 1703 solitos,
1068 1660 1106 1694 in
1137 1658 1319 1707 Tayete'ois
1362 1671 1484 1707 eorum
1523 1661 1639 1696 saeris
1678 1661 1817 1697 invenio
1851 1666 1883 1696 et
1909 1662 1948 1696 ‘in
1972 1661 2118 1699 Sabinis
2145 1672 2187 1697 ex

384 1738 466 1763 aere
493 1726 628 1763 cultros
656 1725 782 1774 quibus
807 1724 1011 1761 sacerdotes
1039 1721 1281 1759 tonderentur.
1329 1721 1428 1759 Item
1451 1720 1610 1759 Servius
1641 1720 1710 1771 (ad
1736 1722 1826 1759 Aen.
1854 1724 1887 1770 1,
1915 1723 2027 1773 448);
2046 1723 2186 1773 flamen

385 1789 509 1827 Dialis
537 1791 650 1826 aereis
678 1789 802 1825 cultris
830 1786 1058 1829 tondebatur,
1088 1784 1214 1834 deque
1243 1784 1438 1823 flaminica
1464 1784 1570 1822 Diali
1598 1783 1763 1823 Ovidius
1791 1785 1895 1835 (fast.
1911 1786 1948 1835 6,
1975 1785 2087 1834 230):
2113 1799 2187 1824 non

384 1866 518 1902 unques
536 1853 642 1901 ferro
670 1852 884 1888 subsecuisse
911 1850 1015 1894 lica,-
1041 1848 1089 1886 cf.
1120 1847 1204 1885 Ioh.
1237 1848 1337 1897 Lyd.
1367 1849 1410 1885 de
1437 1862 1542 1886 mens.
1575 1850 1606 1897 1,
1635 1849 1694 1886 31.
1752 1847 1941 1887 Scribunt
1978 1860 2096 1899 porro
2138 1849 2186 1887 de

385 1920 503 1965 ponte
533 1914 695 1953 sublicio
724 1914 885 1962 Dionys.
918 1912 1043 1950 Halic.
1070 1913 1106 1958 3,
1133 1912 1200 1949 45:
1230 1909 1295 1953 καὶ
1324 1908 1395 1961 τὴν
1424 1910 1584 1960 ξυλίνην
1611 1906 1804 1962 γεφύραν,
1834 1907 1884 1963 ἣν
1912 1906 2006 1949 ἄνευ
2029 1911 2187 1962 χαλκοῦ

385 1977 451 2016 καὶ
492 1974 663 2028 σιδήρου
705 1974 900 2014 δεδέσθαι
942 1972 1062 2024 θέμις
1101 1971 1170 2011 ὑπ’
1199 1969 1334 2011 αὐτῶν
1363 1970 1710 2023 διακρατουμένην
1751 1974 1833 2012 τῶν
1871 1969 2015 2023 ξύλων,
2042 1973 2187 2018 ἐκεῖνος

387 2043 457 2092 (so.
489 2036 631 2091 Ἄγκος
658 2036 869 2088 Μάρκιος)
912 2037 1110 2076 ἐπιθεῖναι
1153 2037 1209 2088 τῷ
1242 2034 1405 2085 Τεβέρει
1449 2034 1614 2087 λέγεται,
1655 2032 1704 2086 ἢν
1746 2031 1840 2086 ἄχρι
1880 2036 1954 2074 τοῦ
1985 2029 2189 2086 παρόντος

387 2100 666 2155 φυλάττουσιν
699 2100 804 2152 ἱερὸν
833 2096 931 2139 εἶναι
960 2099 1203 2149 νομίζοντεςε
1233 2105 1270 2137 et
1299 2099 1450 2137 Plinius
1480 2098 1529 2149 (n
1559 2100 1590 2138 h.
1620 2100 1682 2148 36,
1714 2100 1822 2149 100):
1865 2099 1982 2150 Cyzici
2009 2105 2040 2136 et
2067 2098 2186 2136 buleu-

388 2171 516 2206 terium
553 2174 685 2205 vocant
724 2167 926 2216 aedificium
967 2164 1128 2214 amplum
1167 2165 1242 2200 sine
1274 2165 1400 2212 ferreo
1430 2164 1548 2209 clavo,
1573 2166 1626 2201 «ita
1655 2164 1833 2212 disposita
1860 2165 2122 2212 comiqnatione
2147 2169 2189 2200 ut

386 2234 586 2269 eximantur
625 2231 744 2268 trabes
783 2232 858 2267 sine
888 2229 1044 2278 fulturis
1085 2239 1129 2264 ac
1168 2232 1404 2276 reponantur,
1444 2226 1542 2275 quod
1566 2228 1648 2263 item
1675 2227 1816 2264 Romae
1841 2228 1880 2263 in
1901 2232 2011 2276 ponte
2037 2226 2187 2264 sublicio

385 2296 590 2346 religiosum
619 2300 678 2332 est.
734 2293 781 2331 In
808 2292 895 2340 lege
923 2301 1041 2340 porro
1071 2289 1118 2327 de
1147 2289 1245 2328 aede
1275 2289 1382 2328 Iovis
1411 2288 1545 2328 Liberi
1575 2289 1809 2328 Furfonensi
1837 2289 1894 2337 (C.
1915 2289 1947 2327 I.
1969 2289 2017 2327 L.
2041 2290 2074 2338 1,
2094 2287 2186 2339 603)

386 2358 427 2396 id
467 2359 595 2408 ipsum
636 2361 798 2395 cavetur
838 2359 881 2392 ut
919 2354 957 2391 in
997 2352 1210 2391 reficienda
1249 2365 1295 2391 ea
1336 2353 1436 2391 ferro
1476 2353 1531 2390 uti
1559 2353 1619 2391 fas
1649 2352 1709 2391 sit.
1763 2351 1858 2390 Ritu
1886 2351 2005 2400 igitur
2031 2357 2186 2391 vetusto

388 2428 544 2461 cautum
572 2426 655 2459 erat
682 2431 730 2457 ne
759 2418 810 2456 ad
838 2429 952 2456 sacra
979 2417 1121 2455 ferrum
1150 2416 1412 2464 adhiberetur,
1442 2427 1606 2466 eamque
1627 2417 1676 2454 ob
1707 2426 1866 2453 causam
1884 2414 2080 2464 piaculum
2104 2419 2188 2453 erat

387 2485 614 2532 Annalibus,
645 2483 799 2534 quoties
827 2481 866 2519 in
893 2481 1020 2518 lucum
1051 2480 1236 2518 aedemve
1263 2480 1404 2518 ferrum
1432 2480 1593 2517 inlatum
1636 2482 1732 2517 erat.
1790 2476 1851 2516 Cf.
1881 2478 2097 2516 Mommsen
2137 2479 2189 2516 ad

392 2549 428 2587 C.
457 2550 492 2586 I.
524 2549 570 2587 L.
600 2548 624 2586 1.
654 2559 686 2587 e,
729 2548 768 2584 et
808 2546 858 2582 M.
901 2543 948 2580 de
990 2542 1107 2580 Rossi
1150 2543 1246 2581 Ann.
1288 2546 1366 2581 inst.
1411 2543 1508 2580 arch.
1554 2544 1647 2581 1867
1691 2555 1727 2592 p.
1759 2543 1818 2580 35.
1851 2562 1902 2568 *-
1938 2540 2187 2580 Inferebatur

387 2614 515 2651 autem
544 2612 686 2650 ferrum
712 2607 917 2659 scripturae
945 2613 975 2643 et
1000 2608 1209 2656 scalpturae
1236 2620 1358 2652 eausa,
1387 2607 1467 2644 sive
1494 2612 1533 2643 ut
1573 2613 1658 2643 aeta
1684 2606 1969 2654 insculperentur
2005 2606 2187 2654 maqisteri

388 2674 588 2714 cuiusdam
630 2674 697 2723 (cf.
733 2674 810 2718 91).
867 2669 976 2718 Quae
1019 2675 1134 2709 antea
1176 2670 1340 2708 vidimus
1381 2669 1420 2707 in
1462 2669 1676 2719 parietibus
1720 2667 1890 2705 externis
1933 2667 2045 2706 aedis
2088 2667 2185 2706 deae

386 2738 485 2777 Diae
514 2742 674 2776 exarata
702 2747 786 2774 esse
816 2734 880 2784 (cf.
914 2733 1130 2771 Exordium
1165 2732 1194 2782 ξ.
1224 2734 1272 2772 28
1309 2745 1345 2783 p.
1375 2732 1532 2782 XXV),
1580 2733 1703 2770 donec
1745 2731 1910 2780 spatium
1951 2729 2184 2781 recipiendis

386 2800 433 2838 iis
466 2800 678 2839 sufficeret:
721 2799 762 2836 id
790 2795 896 2849 quod
923 2795 1171 2834 confirmatur
1200 2796 1327 2834 verbis
1358 2802 1531 2834 actorum
1580 2795 1670 2833 anni
1698 2795 1759 2841 81,
1801 2793 1941 2844 quibus
1981 2795 2021 2830 in
2061 2793 2186 2831 aedem

386 2862 527 2901 ferrum
553 2862 716 2901 inlatum
743 2873 831 2900 esse
861 2859 1011 2921 dieitur.

947 3150 982 3190 b.
1021 3163 1047 3189 a
1078 3162 1155 3202 quo
1185 3149 1354 3201 piacula
1382 3149 1500 3200 facta
1528 3150 1620 3188 sint.

385 3235 435 3276 81
510 3238 514 3243 '
854 3243 929 3285 per
960 3228 1190 3271 calator-em
1221 3232 1261 3270 et
1291 3227 1484 3283 publicos
1516 3227 1608 3270 eius
1639 3225 1861 3269 sacerdoti.
1887 3225 1914 3277 ¹)

856 3299 879 3342 ¹)
908 3311 952 3332 sc.
969 3301 1131 3343 fratrum
1160 3299 1351 3332 Arvalium.
