2340 3658
240 202 283 227 1v
1028 183 1241 221 Exordium.

243 309 438 361 receptus
477 305 602 358 esset.
665 300 848 343 Omnino
880 298 960 341 hoc
990 298 1220 341 tenendum
1259 303 1324 342 est
1361 299 1642 354 imperatores
1679 313 1826 343 omnes
1868 301 1922 343 ab
1967 299 2061 357 ipso

246 373 513 430 principatus
552 370 671 412 initio
704 369 745 410 in
778 368 857 409 hoc
889 366 1069 421 collegio
1101 367 1241 409 locum
1273 367 1491 422 habuisse,
1531 371 1594 422 ut,
1627 368 1662 409 si
1694 368 1805 411 alius
1834 370 1978 412 nullus
2009 369 2062 412 iis

244 445 421 497 pateret,
455 452 585 494 supra
615 450 835 478 numerum
868 435 1188 490 adlegerentur3
1221 440 1444 490 praeterea
1475 450 1574 477 num
1607 436 1704 478 aliis
1736 450 1905 492 quoque
1935 451 2066 493 supra

242 522 463 552 numerum
494 508 538 548 in
578 519 628 547 eo
670 504 851 557 collegio
891 503 1010 544 loeus
1051 503 1176 545 datus
1214 503 1288 558 sit,
1328 503 1503 546 dubium
1543 508 1618 547 est.
1678 506 1744 547 De
1783 505 2064 561 cooptationis

244 578 408 619 ratione
439 575 495 617 ad
527 578 623 615 acta
653 572 969 626 cooptationum
1003 576 1168 625 agetur.

357 645 396 685 4.
458 643 514 684 Ut
536 642 820 682 Romanorum
853 639 1046 692 collegiis
1076 639 1268 694 plurimis
1292 639 1333 694 ¹),
1367 639 1427 681 ita
1448 640 1680 683 Arvalibus
1709 655 1878 696 quoque
1906 641 2067 697 praesi-

246 714 374 755 debat
403 710 610 763 magister
642 721 810 749 annuus
842 708 977 748 altero
1011 707 1080 748 die
1112 708 1223 749 sacri
1257 707 1365 749 deae
1398 707 1507 750 Diae
1538 722 1686 750 mense
1717 709 1832 751 Maio
1864 710 2068 752 celebrati

246 796 272 823 a
309 779 487 833 collegis
526 778 686 819 electus
725 777 802 830 ita,
842 780 887 816 ut
918 788 970 815 ex
1003 775 1301 817 Saturnalibus
1334 775 1484 830 primis
1515 776 1571 819 ad
1604 777 1849 819 Saturnalia
1879 778 2069 820 secunda

246 847 491 902 magisterio
531 843 831 899 fungeretur-²)
874 857 1071 897 annoque
1116 856 1269 885 nomen
1317 843 1451 885 daret.
1523 844 1605 895 Qui
1645 845 1681 887 si
1727 845 1772 887 in
1816 845 2066 899 magisterio

248 919 501 969 decesserat,
534 927 671 955 novus
704 913 845 954 statim
878 912 919 953 in
951 912 1088 953 locum
1113 911 1206 953 eius
1230 911 1435 965 magister
1457 911 1764 968 sufficiebatur,
1789 927 1902 956 anno
1924 917 2069 956 tamen

246 998 401 1027 nomen
439 982 638 1024 manebat
677 980 868 1033 magistri
909 979 1111 1022 defuncti.
1175 979 1305 1021 Cuius
1343 980 1402 1021 rei
1446 981 1687 1035 exemplum
1725 986 1822 1024 acta
1867 982 1969 1024 anni
2015 984 2068 1026 78

249 1055 444 1105 offerunt,
485 1050 640 1104 quibus
678 1049 925 1102 magisterio
969 1048 1013 1090 C.
1053 1048 1198 1089 Saloni
1239 1047 1388 1089 Matidi
1429 1047 1633 1103 Patruini,
1673 1049 1716 1091 in
1764 1050 1884 1092 cuius
1930 1051 2070 1093 locum

248 1119 510 1173 successerit,
553 1117 845 1171 magisterium
879 1116 1040 1158 obiisse
1078 1116 1231 1157 dicitur
1263 1115 1414 1157 eodem
1446 1130 1560 1157 anno
1592 1116 1793 1159 kalendis
1823 1117 1991 1160 Martiis
2021 1119 2068 1160 P.

248 1189 475 1231 Sallustius
494 1187 674 1228 Blaesus
696 1186 740 1240 ³).
794 1187 895 1227 Item
914 1185 956 1226 in
973 1185 1110 1225 locum
1129 1184 1325 1237 magistri
1343 1183 1566 1225 cuiusdam
1585 1183 1795 1227 demortui
1812 1186 1866 1227 M.
1886 1186 2070 1229 Saenius

248 1259 441 1299 Donatus
458 1255 626 1297 videtur
645 1254 848 1296 suffectus
867 1267 961 1296 esse
977 1255 1019 1304 ⁴).
1073 1252 1342 1308 Quamquam
1360 1255 1501 1294 autem
1516 1251 1756 1294 ordinarios
1773 1254 2004 1308 magistros
2021 1254 2067 1297 in

247 1327 341 1367 luco
360 1337 482 1366 sacro
495 1324 674 1364 Arvales
690 1321 981 1374 nominabant,
1001 1321 1056 1363 ad
1073 1319 1371 1362 sufficiendum
1388 1319 1642 1373 magistrum
1660 1320 1703 1361 in
1722 1320 1874 1363 aedem
1891 1321 2071 1364 Concor-

250 1395 348 1435 diae
370 1392 569 1434 videntur
591 1391 842 1432 convenisse
857 1390 902 1443 ⁵).
955 1388 1202 1442 Magisterio
1227 1387 1387 1441 pluries
1411 1387 1533 1442 fungi
1554 1392 1753 1443 poterant
1774 1389 1969 1445 Arvales,
1993 1403 2072 1433 nee

249 1464 528 1516 imperatores
561 1459 817 1501 recusabant
846 1458 889 1499 id
912 1457 1205 1510 magisterium
1227 1456 1258 1510 ⁶)
1290 1456 1510 1510 sacrisque
1531 1456 1744 1499 interdum
1766 1457 2074 1513 praesidebant

250 1530 330 1584 ipsi
351 1530 397 1581 7).
466 1527 569 1569 Vice
611 1531 752 1568 autem
795 1526 1005 1580 magistri,
1045 1525 1081 1566 si
1123 1525 1216 1580 ipse
1253 1524 1403 1567 aberat
1445 1524 1499 1566 ab
1531 1525 1635 1567 urbe
1667 1526 1736 1567 vel
1767 1526 1912 1581 aliquo
1944 1526 2072 1569 modo

251 1598 479 1653 impeditus
511 1601 613 1649 erat,
648 1595 909 1648 fungebatur
940 1594 1122 1647 collega,
1156 1593 1304 1647 quiin
1337 1593 1442 1634 actis
1475 1589 1628 1634 dieitur
1658 1607 1736 1646 pro
1768 1597 1967 1647 mayistro
2003 1596 2074 1637 vel

250 1667 535 1719 promayister‚
578 1664 790 1706 interdum
834 1662 962 1704 etiam
1007 1676 1151 1703 curam
1197 1676 1322 1715 agens
1367 1662 1436 1703 vel
1474 1663 1562 1702 vice
1602 1663 1778 1715 funqens
1819 1663 2072 1720 ma9i8t7·i⁸);

252 1747 390 1787 neque
422 1737 562 1775 tamen
586 1734 621 1773 is
644 1731 889 1774 ordinarius
911 1731 1135 1773 Arvalium
1158 1730 1437 1784 magistratus
1460 1729 1551 1783 fuit,
1576 1729 1652 1772 sed
1674 1731 1727 1772 ab
1751 1730 1844 1786 ipso
1868 1731 2072 1786 magistro

351 1872 374 1909 Ι)
403 1871 447 1904 de
475 1869 662 1911 magistris
690 1869 930 1913 collegiorum
949 1869 993 1904 cf.
1015 1869 1126 1904 index

252 1933 281 1963 X
311 1930 379 1963 vol.
401 1929 457 1962 ΙΙΙ
490 1928 652 1971 sylloges
682 1927 893 1962 Orellianae
929 1940 950 1962 a
975 1940 1031 1963 me
1059 1929 1123 1963 ad·

254 1991 395 2021 auctae.
447 1986 591 2029 Magnis
617 1988 736 2018 autem
757 1986 992 2020 sacerdotum
1011 1987 1126 2021 eolle-

1198 1869 1281 1902 idus
1300 1867 1456 1902 Martias
1477 1868 1566 1902 licet
1591 1867 1652 1901 hic
1679 1868 1894 1912 magisterio
1922 1869 2070 1903 functus

1198 1928 1269 1967 sit,
1304 1926 1386 1960 loco
1431 1926 1510 1960 eius
1550 1936 1681 1960 nomen
1719 1926 1862 1961 Vitellii
1902 1927 1936 1961 in
1976 1926 2072 1962 actis

1194 1985 1413 2030 inscriptum
1462 1988 1532 2018 est.
1607 1985 1662 2018 At
1719 1985 1838 2030 pridie
1894 1985 2073 2020 kalendas

255 2046 325 2089 giis
360 2044 498 2090 pariter
532 2044 730 2087 magistros
766 2044 972 2088 praefuisse
1001 2048 1126 2079 osten-

257 2104 346 2137 dunt
374 2102 538 2145 magistri
566 2100 893 2146 quindecimvirum
929 2103 1046 2137 saeris
1075 2104 1127 2137 fa-

257 2161 400 2197 ciundis
435 2161 520 2194 olim
558 2160 651 2200 duo,
693 2160 927 2204 postmodum
966 2161 1127 2206 quinque

257 2220 317 2262 (cf.
347 2219 430 2253 fasti
454 2217 613 2263 Capitol.
643 2218 682 2251 fr.
710 2219 754 2253 39
782 2222 819 2251 et
843 2217 890 2254 40
917 2218 950 2252 in
980 2219 1067 2251 (211.
1090 2220 1127 2252 Ε,

262 2281 277 2314 1
306 2291 339 2324 p.
360 2278 456 2318 412),
485 2276 620 2321 quique
650 2287 670 2308 a
696 2275 820 2310 Plinio
847 2278 894 2317 (n.
923 2278 955 2310 Ιι.
985 2278 1040 2318 28,
1071 2278 1127 2320 12)

259 2339 564 2371 commemoratur
617 2335 939 2378 quindecemvirum
997 2336 1130 2381 conleyi

257 2397 436 2439 φηαῃίειεν,
456 2403 656 2437 eorumque
673 2393 920 2436 promagister
940 2393 1016 2437 (Or.
1029 2394 1129 2429 1849.

258 2454 384 2494 2263);
420 2451 505 2485 item
543 2450 725 2484 sodalium
761 2450 1021 2494 Augustalium
1056 2463 1128 2486 ma-

259 2511 363 2554 gistri
401 2517 478 2543 tres
518 2509 688 2551 (Henzen
716 2509 832 2551 6046).
884 2511 983 2544 Inter
1008 2510 1129 2555 penti-

258 2570 347 2603 fiees
384 2572 504 2601 autem
540 2567 623 2600 loco
658 2567 825 2610 magistri
860 2567 929 2601 fuit
961 2568 1132 2613 pontifex

262 2627 462 2664 maximus,
501 2625 655 2668 eiusque
694 2625 775 2658 vice
815 2626 954 2670 agebat
990 2638 1132 2672 proma-

261 2686 376 2730 gister
403 2683 482 2722 (Or.
506 2683 607 2719 1181.
625 2683 728 2717 2244.
755 2684 858 2719 3134.
884 2686 986 2720 3969.
1013 2686 1132 2725 4376).

354 2744 380 2785 ²)
416 2743 460 2777 cf.
497 2744 581 2776 acta
615 2742 660 2775 ad
703 2741 799 2775 diem
844 2742 997 2775 alterum
1036 2742 1133 2776 sacri

262 2801 354 2835 deae
383 2801 474 2835 Diae
502 2799 736 2845 pertinentia.

355 2858 381 2901 3)
411 2871 442 2893 a.
467 2860 510 2893 78
537 2870 568 2894 ν.
587 2860 632 2893 28
647 2869 751 2903 seqq.

356 2918 381 2962 ⁴⁸)
411 2918 456 2952 cf.
494 2917 734 2961 fragmentum
772 2918 933 2950 actorum
969 2915 1053 2949 anni
1082 2916 1134 2949 in-

264 2976 353 3009 certi
383 2975 491 3009 Alex.
519 2976 560 3009 B.

359 3035 385 3075 5)
413 3033 519 3066 Alex.
551 3033 592 3065 B.

357 3092 384 3129 6)
413 3091 458 3125 cs.
487 3093 571 3124 acta
598 3102 627 3125 a.
654 3092 710 3125 27.
735 3093 790 3126 38.
815 3092 869 3126 66.
890 3093 944 3126 69.
964 3093 1018 3126 86.
1060 3091 1134 3125 Me-

266 3148 454 3181 morabilis
483 3149 637 3181 maxime
666 3152 724 3182 est
741 3160 856 3183 atinus
877 3151 932 3186 69,
961 3161 1032 3194 quo
1060 3149 1135 3183 iue-

265 3208 352 3238 unte
380 3205 501 3239 Galba
534 3207 711 3250 magister
740 3207 806 3241 fuit
840 3208 874 3240 in
903 3207 1055 3251 eiusque
1084 3207 1136 3241 lo-

270 3274 348 3296 cum
390 3275 471 3297 mox
516 3264 613 3299 Otho
660 3265 945 3303 suffeciussscst.
1009 3265 1136 3299 Pridie

1196 2044 1316 2078 Maias
1370 2042 1550 2086 magister
1594 2046 1901 2077 commemoratur
1940 2043 2073 2084 nullus,

1197 2114 1277 2137 cum
1305 2101 1522 2135 intersertus
1562 2099 1709 2145 quidem
1737 2100 1835 2136 Otho
1863 2104 1979 2142 esset,
2011 2112 2074 2135 ne·

1199 2172 1270 2206 que
1290 2163 1412 2194 tamen
1433 2158 1688 2202 magistertum
1708 2158 1843 2193 inisset
1884 2159 2074 2194 Vitellius.

1208 2217 1391 2252 Kalendis
1409 2216 1567 2261 denique
1583 2215 1678 2249 Mais
1698 2217 1949 2260 magisterium
1976 2227 2074 2251 cotn-

1199 2277 1420 2309 memoratur
1435 2274 1594 2309 Vitellii.
1613 2295 1651 2299 -—
1669 2274 1779 2308 Anno
1795 2275 1862 2311 145
1876 2275 1924 2309 M.
1944 2275 2075 2310 Aelius

1200 2334 1375 2368 Aurelius
1414 2334 1553 2368 Caesar
1586 2332 1801 2377 magisterio
1835 2333 2077 2378 fungebatur3

1201 2393 1249 2427 cf.
1277 2392 1518 2435 fragmentum
1549 2395 1712 2425 actorum
1741 2391 1824 2425 anni
1854 2391 1964 2427 illius.

1295 2451 1321 2494 ⁷)
1356 2451 1400 2486 cf.
1434 2461 1464 2484 a.
1499 2450 1581 2491 38c,
1613 2450 1676 2484 38:
1713 2451 1808 2492 [ante
1842 2451 1935 2483 diem
1977 2449 2077 2483 VIII
2114 2463 2122 2474 ·

1202 2510 1391 2552 kalendas]
1422 2508 1548 2543 Iunias
1568 2510 1612 2552 [Ο
1641 2511 1772 2542 Caesar
1792 2509 1966 2553 Auyusms
1987 2510 2073 2543 Ger-

1202 2569 1375 2610 mafnh'cus
1400 2569 1566 2612 magister
1595 2568 1735 2611 collegsii
1759 2567 1938 2611 fralrn[m
1963 2567 2076 2599 Arva-

1204 2627 1289 2658 lium
1320 2627 1460 2660 ‘nomine
1496 2627 1534 2660 ob
1570 2626 1768 2660 memoriam
1811 2625 1860 2657 Ti.
1899 2624 2077 2667 Caleaaris

1202 2685 1261 2717 avi
1286 2685 1348 2717 sub
1374 2685 1437 2717 din
1463 2685 1500 2717 in
1527 2697 1593 2717 ara
1619 2683 1873 2727 saep-{ficaria}

1297 2742 1324 2786 ⁸)
1353 2743 1398 2777 of.
1427 2753 1458 2775 a.
1484 2742 1546 2778 87:
1578 2742 1610 2776 C.
1639 2741 1778 2774 Salvius
1806 2740 1980 2773 Liberalis
2006 2741 2074 2773 No—

1203 2803 1283 2834 nius
1314 2801 1452 2833 Bassus
1475 2801 1598 2844 frater
1634 2799 1779 2832 Arvalis
1815 2799 1876 2842 qui
1903 2799 1976 2832 vice
2002 2796 2078 2831 Iuli

1203 2860 1323 2894 Silani
1347 2859 1737 2903 mayistrisunyebatur
1764 2860 1812 2902 (p.
1833 2857 1863 2897 1,
1883 2857 1916 2891 3.
1930 2856 1986 2891 23.
1999 2856 2077 2899 53);

1204 2919 1265 2960 qui
1281 2919 1352 2951 vice
1367 2917 1753 2961 mafisfrrifrmyebastcr
1770 2915 1817 2959 (p.
1837 2915 1867 2955 1,
1884 2914 1946 2954 18;
1973 2914 2005 2953 2,
2024 2914 2078 2948 18.

1205 2977 1280 3015 26‘;
1300 2976 1498 3019 magii-sterio
1519 2974 1553 3008 C.
1579 2974 1653 3007 Iuli
1669 2974 1801 3013 Silani,
1825 2984 1943 3005 curam
1960 2978 2079 3015 aye‘nre

1210 3034 1244 3068 0,
1274 3034 1384 3066 Nonio
1415 3033 1527 3066 Basso
1556 3033 1675 3064 Salvio
1697 3030 1855 3064 Liberale
1882 3034 1917 3074 (p
1943 3031 1976 3069 2,
1998 3029 2076 3071 16)ς

1206 3090 1303 3125 idem
1324 3091 1458 3125 dicitur
1473 3093 1708 3135 promayister
1727 3087 1816 3133 (ibd.
1837 3098 1870 3132 p.
1888 3088 1917 3125 1,
1936 3088 1991 3122 66.
2007 3087 2076 3123 72)-

1210 3169 1247 3173 -
1280 3150 1318 3183 Α.
1350 3148 1462 3182 Iulius
1487 3150 1691 3190 Quadratus
1708 3149 1830 3191 frater
1850 3146 1995 3178 Arm-alis
2021 3145 2081 3188 qui

1209 3208 1279 3240 uice
1310 3207 1359 3242 Ti.
1388 3206 1466 3239 Iuli
1494 3208 1647 3241 Candidi
1675 3207 1772 3239 Mari
1797 3203 1889 3236 s'elsi
1920 3203 2078 3247 moslisi-rc

1197 3266 1421 3309 funycbatur
1448 3277 1479 3299 a.
1505 3266 1549 3300 89
1577 3265 1727 3311 passim.
