2340 3658
891 219 1044 256 Sacrum
1068 218 1162 255 deae
1187 219 1295 256 Diae.
1932 217 1987 259 47

81 325 87 335 ρ
111 310 123 343 γ’
191 342 360 382 chronol.
387 353 426 392 p.
447 338 496 379 ’10
522 339 583 378 ed.
609 340 647 388 2,
677 338 898 378 Gremhoten
926 333 1025 374 1870
1052 347 1091 386 p.
1115 334 1217 385 166).
1253 320 1365 383 Quae
1384 344 1447 372 res
1473 336 1518 372 ut
1549 333 1687 371 melius
1713 331 1987 382 perspiciatur,

190 405 240 444 de
267 409 441 455 tempore
467 404 635 454 locoque
662 407 702 441 et
727 402 852 440 forma
877 399 1081 451 utriusque
1107 399 1211 438 sacri
1237 397 1459 438 accuratius
1487 395 1759 435 disserendum
1794 395 1879 433 erit.
1934 395 1991 432 Et

190 479 347 508 sacrum
371 467 530 518 quidem
556 465 772 514 Arvalium,
799 474 1036 514 quamquam
1064 463 1147 502 dies
1177 462 1342 511 variant,
1369 473 1502 500 mense
1527 464 1657 499 tamen
1685 458 1797 497 Maio
1823 457 1989 495 vidimus

91 519 93 544 ³
128 562 132 566 .
189 522 423 571 constanter
449 531 689 570 celebratum
716 539 824 567 esse:
859 527 911 566 ad
948 538 1113 578 eumque
1148 537 1319 565 mensem
1353 525 1500 576 optime
1535 522 1771 563 conveniunt
1804 532 1904 573 quae
1939 520 1988 558 de

190 586 499 634 Ambarvalibus
526 593 622 632 dicit
648 591 851 642 Vergilius
879 590 1030 641 (θεον-9.
1062 591 1096 638 1,
1114 590 1190 628 345
1205 588 1355 640 seqq.:)

590 663 710 706 terque
734 667 850 693 novas
876 657 1012 692 circum
1030 654 1127 703 selis:
1153 659 1211 690 eat
1235 653 1354 689 hostia
1371 652 1513 701 ‚fr-uqa,

593 722 709 759 omnis
735 731 845 769 quam
872 718 1002 756 chorus
1028 723 1062 755 et
1085 718 1176 754 socii
1201 717 1410 753 comitentur
1437 722 1593 761 ovantes,

589 790 621 821 et
648 782 810 821 Cererem
837 783 996 820 clamore
1020 786 1146 819 vocent
1169 783 1209 817 in
1234 786 1336 825 tecta,
1361 791 1476 827 neque
1502 786 1585 817 ante

582 848 722 897 sulcem
747 849 901 884 maturis
926 847 1118 895 quiequam
1142 848 1328 893 supponat
1353 843 1488 888 aristis,

589 923 699 960 quam
726 909 850 947 Cereri
874 915 972 946 torta
998 910 1183 946 redimitus
1207 913 1372 955 tempora
1399 917 1533 954 quercu

589 975 648 1011 det
670 978 787 1011 motus
811 975 1068 1022 incompositos
1093 979 1126 1010 et
1150 971 1317 1009 carmina
1344 969 1452 1006 dicat.

195 1039 300 1079 Nam
329 1042 497 1077 exeunte
525 1037 635 1076 Maio
665 1040 819 1086 segetes
854 1038 982 1086 paen‘e
1016 1038 1192 1074 maturae
1229 1035 1319 1071 suut
1351 1031 1567 1082 messisque
1594 1030 1726 1070 instat.
1781 1031 1997 1070 Praeterea

194 1103 319 1142 mensi
345 1101 457 1140 Maio
483 1100 743 1140 Ambarvalia
768 1099 977 1139 manifesto
1003 1098 1180 1137 tribuunt
1206 1093 1619 1145 menologia'rustiea,
1648 1106 1734 1133 cum
1762 1095 1994 1134 adscribant

192 1165 246 1206 ad
271 1177 359 1204 eum
386 1168 518 1202 notam
543 1170 673 1215 seqetes
698 1164 898 1201 lustrantur
926 1162 982 1207 (C.
1001 1163 1036 1200 I.
1052 1161 1099 1200 L.
1130 1163 1152 1199 1
1174 1174 1215 1211 p.
1234 1160 1339 1207 358).
1378 1159 1433 1197 Et
1459 1169 1508 1196 ne
1537 1157 1585 1196 de
1614 1157 1677 1196 die
1698 1158 1856 1208 quidem
1875 1158 1995 1197 ullam

193 1228 476 1268 dubitationem
509 1227 719 1266 admittunt
755 1238 802 1264 ea
836 1236 938 1276 qnae
971 1224 1167 1263 Marinius
1201 1223 1256 1274 (p.
1280 1221 1370 1272 138)
1406 1221 1536 1260 attulit
1574 1233 1625 1260 ex
1651 1221 1751 1260 actis
1778 1221 1994 1259 minoribus

191 1296 404 1342 martyrum
430 1292 731 1331 Anaunensinm
757 1290 808 1328 ad
836 1289 938 1328 diem
964 1290 1014 1327 29
1041 1288 1185 1326 mensis
1212 1286 1305 1325 Maii
1341 1284 1431 1323 anni
1457 1297 1496 1335 p.
1522 1283 1570 1323 C.
1590 1285 1686 1323 393:
1722 1285 1825 1323 adest
1856 1286 1932 1322 dies
1956 1287 1997 1322 in

151 1361 153 1363 ’
194 1368 269 1407 qua
295 1356 367 1392 diis
391 1358 466 1393 suis
492 1357 599 1405 quasi
618 1367 693 1405 pro
711 1353 886 1404 sruqibus
910 1352 1088 1390 habituris
1110 1351 1259 1401 qenliles
1284 1350 1473 1387 inmzolant
1497 1355 1529 1386 et
1553 1350 1630 1386 iam
1648 1359 1839 1386 conversos
1864 1353 1995 1397 eoquat

193 1419 395 1465 {ramazan-e,
421 1420 463 1457 et
489 1418 528 1456 in
555 1418 656 1457 actis
684 1417 919 1457 maioribus:
955 1416 1041 1452 dum
1068 1415 1227 1464 quodam
1254 1417 1329 1451 ritu
1352 1413 1533 1463 gentilitas
1556 1411 1771 1461 phamas
1795 1423 1882 1449 sua-3
1902 1423 1995 1461 pro—

194 1482 374 1520 tenderent
397 1489 505 1532 atque
539 1494 714 1532 aqrorum
746 1483 871 1530 spatia
906 1482 1099 1517 circuirent
1120 1510 1128 1516 .
1148 1505 1158 1514 .
1184 1510 1191 1516 .
1213 1506 1222 1515 .
1251 1509 1259 1515 .
1288 1478 1459 1514 luctuosis
1492 1474 1677 1512 ornatibus
1709 1481 1741 1512 et
1773 1475 1998 1512 diversorum

188 1557 364 1596 pecorum
391 1547 539 1595 pompis
563 1547 689 1583 erectis
715 1547 790 1582 cet.
820 1541 1023 1594 (Bolland.
1043 1541 1064 1580 7
1092 1542 1194 1580 Maii
1219 1553 1258 1590 p.
1276 1537 1366 1587 40);
1400 1538 1450 1575 cf.
1486 1537 1604 1575 etiam
1630 1539 1770 1575 litterae
1795 1538 1834 1576 S.
1872 1538 1998 1588 Viyilii.

193 1610 362 1659 episcopi.
379 1609 433 1645 acl
454 1607 495 1648 S.
522 1609 701 1646 Ioannem
728 1606 1015 1658 Clarysostomum
1045 1604 1152 1655 apud
1178 1603 1347 1641 Ruinart
1372 1608 1456 1639 aeta
1490 1602 1588 1639 MM.
1615 1613 1653 1651 p.
1674 1602 1749 1639 535
1770 1606 1810 1639 et
1829 1601 1999 1639 Bolland

194 1670 217 1710 '1
245 1683 284 1722 p.
302 1671 353 1709 43
383 1672 479 1716 (eam
497 1670 644 1708 lustrale
669 1671 805 1708 malum
833 1672 934 1708 eirca
949 1671 1044 1718 fines
1069 1680 1245 1719 <tyrorum
1271 1671 1441 1716 cuperent
1466 1665 1596 1702 ducere
1622 1668 1713 1711 cet.)
1743 1668 1782 1703 et
1809 1666 2000 1715 Martyro-

196 1735 333 1784 loqium
367 1734 510 1771 Adonis
542 1734 701 1783 archiep.
748 1734 875 1772 Vienn.
904 1731 1073 1782 (Romae
1104 1730 1285 1780 1745)-p.
1306 1727 1394 1776 237,
1421 1728 1514 1766 item
1541 1727 1666 1765 citata
1693 1739 1716 1765 a
1734 1727 1907 1766 Marinio
1924 1727 1950 1765 l.
1966 1738 2000 1765 c.

199 1795 478 1836 Lustrationes
505 1795 626 1845 igitur
652 1807 834 1846 agrorum
860 1795 922 1836 his
950 1794 1051 1834 actis
1080 1797 1401 1832 commemoratas
1429 1803 1517 1829 cnm
1543 1795 1692 1829 certum
1719 1791 1769 1830 sit
1797 1803 1885 1829 esse
1905 1791 2001 1828 Am·

193 1858 385 1908 barvalia,
410 1858 511 1898 haec
538 1860 630 1898 ante
659 1858 761 1897 diem
788 1858 851 1897 IV
880 1857 1070 1898 kalendas
1098 1857 1235 1896 Iunias
1265 1856 1467 1895 celebrata
1494 1866 1582 1893 esse
1604 1857 1775 1901 constat,
1803 1853 1844 1892 id
1872 1857 1932 1891 est
1953 1865 2000 1891 eo

194 1922 295 1972 ipso,
323 1933 402 1973 quo
429 1934 582 1961 sacrum
609 1922 740 1961 facere
775 1925 1075 1960 consueverant=
1099 1921 1281 1960 Arvales.
1337 1918 1414 1967 Qui
1441 1917 1548 1968 quod
1576 1930 1677 1956 anuo
1705 1919 1799 1966 393,
1835 1916 1899 1967 qui
1940 1920 2002 1954 est

196 1997 323 2024 annus
353 1997 467 2024 aerae
494 1985 772 2024 Varronianae
802 1986 913 2035 1146,
942 1990 1032 2023 ante
1062 1984 1163 2022 diem
1190 1982 1322 2033 potius
1349 1981 1456 2020 XIV
1485 1980 1676 2019 kalendas
1705 1980 1865 2019 easdem
1886 1991 2003 2018 sacra

193 2049 325 2088 faeere
352 2048 572 2098 debebant,
611 2049 653 2088 id
680 2049 746 2087 vix
771 2053 867 2100 puto
905 2047 1054 2099 opponi
1086 2058 1227 2098 posse,
1267 2057 1354 2084 cnm
1390 2045 1548 2083 abolitis
1578 2044 1702 2082 sacris
1731 2043 1934 2082 Arvalium
1962 2047 2001 2081 et

196 2111 420 2151 dominante
448 2111 488 2149 in
514 2112 611 2150 urbe
649 2112 947 2151 christianorum
980 2111 1171 2160 religione
1209 2113 1319 2147 vetus
1355 2119 1555 2147 sacrorum
1591 2107 1689 2145 ordo
1716 2107 1756 2144 in
1796 2106 2000 2157 provincia

194 2178 347 2213 remota
371 2174 487 2213 facile
516 2174 625 2213 credi
649 2176 780 2226 possit
804 2175 932 2214 minus
961 2174 1170 2224 diligenter
1196 2175 1371 2211 retentus
1400 2182 1499 2210 esse.
1535 2170 1753 2210 Celebrata
1770 2170 1892 2219 igitur
1912 2173 2004 2208 snnt

194 2236 333 2276 eodem
359 2241 534 2288 tempore
560 2238 821 2278 Ambarvalia
846 2243 887 2278 et
914 2250 1029 2278 saera
1058 2236 1274 2276 Arvalium.
1303 2233 1309 2243 '

294 2300 380 2339 Iam
408 2300 616 2339 videndum
645 2307 709 2340 est
735 2302 785 2341 de
811 2303 911 2341 loco.
964 2302 1027 2340 De
1048 2313 1095 2339 eo
1125 2298 1271 2339 Strabo
1299 2299 1339 2349 (5
1359 2311 1398 2349 p.
1418 2299 1493 2336 230
1512 2296 1582 2348 Ο);
1610 2293 1764 2345 μεταξὺ
1792 2296 1909 2347 γοῦν,
1947 2295 2003 2333 ait

198 2362 274 2400 τοῦ
300 2361 485 2411 πέμπτου
513 2362 581 2401 καὶ
607 2365 683 2402 τοῦ
716 2362 834 2403 ἕκτου
868 2363 991 2403 λίθου
1026 2364 1108 2403 τῶν
1141 2358 1193 2399 τὰ
1226 2360 1342 2411 μίλια
1370 2355 1725 2410 διασημαινόντων
1752 2360 1825 2408 τῆς
1846 2354 2004 2407 Ῥώμης

194 2425 373 2463 καλεῖται
400 2421 525 2470 τόπος
555 2425 732 2477 Φῆστοι·
769 2427 916 2466 τοῦτον
951 2420 1104 2475 δ’δ’ριον
1140 2421 1420 2476 ἀποφαίνουσι
1456 2423 1530 2472 τῆς
1563 2417 1653 2460 τότε
1675 2418 1890 2471 Ῥωμαίων
1915 2421 2002 2471 γῆς,

195 2483 239 2524 οἳ
259 2483 594 2538 θ’ἱερομνήμονες
619 2487 778 2528 θυσίαν
804 2488 1055 2528 ἐπιτελοῦσιν
1082 2482 1267 2528 ἐνταῦθα’
1286 2500 1327 2524 τε
1348 2485 1415 2524 καὶ
1432 2484 1474 2524 ἓν
1500 2480 1640 2531 ἄλλοις
1666 2481 1806 2529 τόποις
1826 2482 2005 2521 πλείοσιν

195 2545 252 2595 ὥς
277 2545 404 2600 ὁρίοις
431 2547 691 2603 αὐθημερόν,
725 2547 776 2603 ἣν
809 2553 1004 2591 καλοῦσιν
1026 2548 1318 2601 Ἀμβαροι·ιάν.
1370 2549 1569 2598 Fuerunt,
1612 2549 1678 2600 qui
1718 2548 1822 2588 sacri
1862 2558 2003 2585 nomeu

196 2617 344 2652 mutare
385 2615 530 2653 vellent
568 2614 608 2653 iu
644 2616 848 2653 Amburbia
883 2614 949 2666 (cf.
976 2614 1119 2653 Miiller
1145 2614 1198 2650 ad
1221 2613 1331 2650 Paul.
1360 2613 1470 2650 Diae.
1498 2625 1535 2661 p.
1556 2613 1580 2650 5
1608 2624 1639 2650 s.
1661 2625 1694 2650 v.
1716 2611 2002 2659 Ambarvales;

194 2677 425 2727 Marquardt
454 2679 501 2716 R.
523 2679 569 2716 A.
593 2679 620 2716 4
646 2691 685 2729 p.
703 2678 816 2730 418);
846 2679 919 2717 sed
946 2677 1125 2717 codicum
1153 2676 1387 2714 anctoritate
1415 2674 1638 2713 emendatio
1665 2675 1733 2713 illa
1774 2687 1850 2714 non
1871 2675 2002 2712 firma·

194 2744 258 2779 tur
282 2740 465 2792 mihique,
491 2741 587 2780 licet
613 2753 692 2779 non
720 2741 850 2781 omnia
868 2741 1104 2780 conveniant-
1135 2751 1159 2778 a
1191 2738 1389 2778 Strabone
1423 2738 1582 2787 tradita,
1610 2750 1652 2776 re
1681 2750 1774 2778 vera
1802 2739 1867 2787 agi
1895 2737 2002 2775 vide-

196 2807 259 2841 tur
284 2803 333 2842 de
362 2815 477 2843 sacro
510 2805 820 2843 Ambarvalium.
874 2804 935 2843 Id·
962 2804 1081 2854 igitur
1122 2814 1209 2841 eum
1253 2802 1494 2852 temporibus
1535 2802 1817 2852 antiquissimis
1860 2801 2003 2839 circum

194 2867 319 2905 totum
345 2878 484 2916 agrum
511 2866 733 2906 Romanum
761 2867 996 2915 duceretur,
1023 2865 1241 2917 posteriore
1270 2869 1413 2913 aetate,
1448 2876 1685 2915 quamquam
1720 2865 1807 2902 aliis
1845 2875 2002 2914 quoque

198 2927 297 2967 locis
324 2929 455 2968 finium
483 2934 655 2968 veterum
692 2930 847 2968 videtur
881 2930 1093 2980 repetitum
1128 2940 1236 2977 esse,
1271 2928 1548 2966 celebrabatur
1573 2927 1822 2978 potissimum
1848 2927 1887 2964 in
1914 2926 2003 2964 loco

201 2991 334 3031 Festis
362 3005 387 3031 a
415 2991 612 3032 Strabone
640 2993 856 3043 appellato.
891 2992 1040 3031 Lucum
1065 2996 1199 3046 autem
1226 2991 1325 3031 deae
1351 2991 1467 3039 Diae,
1494 2992 1533 3029 in
1562 3004 1639 3042 quo
1658 2991 1827 3029 Arvales
1850 3001 2003 3028 sacrum

200 3053 409 3104 faciebant,
437 3061 529 3095 aeta
555 3067 689 3094 eornm
717 3057 951 3094 collocatum
979 3056 1100 3094 fuisse
1129 3054 1289 3094 tradunt
1314 3054 1366 3092 ad
1394 3055 1569 3104 quintum
1596 3054 1787 3104 lapidem,
1815 3051 2002 3102 templum

190 3128 292 3156 vero
333 3118 467 3158 Fortis
508 3120 727 3169 Fortunae,
767 3119 874 3170 quod
908 3118 1185 3170 inscriptiones
1222 3119 1276 3156 ibi
1310 3118 1479 3156 effossae
1509 3117 1736 3166 contiguum
1763 3117 1853 3154 luco
1883 3115 2003 3152 fuisse

201 3181 414 3220 ostendunt
442 3182 508 3233 (cf.
536 3182 732 3220 Belmione
758 3195 796 3232 p.
818 3183 890 3221 100
907 3182 1048 3232 seqq),
1076 3193 1147 3220 sex
1174 3182 1328 3220 milibus
1357 3192 1547 3231 passuum
1576 3181 1624 3219 ab
1655 3181 1750 3219 urbe
1771 3179 1918 3217 distare
1946 3177 2002 3223 di-

201 3242 301 3280 citur
335 3244 375 3282 in
411 3244 527 3284 fastis
554 3244 810 3284 Amiterninis
848 3250 889 3284 et
926 3244 1156 3295 Esquilinis.
1221 3243 1407 3294 Sequitur
1445 3244 1573 3280 lucum
1602 3242 1715 3280 situm
1753 3242 1876 3280 fuisse
1902 3241 2004 3279 inter

201 3303 355 3356 lapides
383 3307 557 3359 quintum
585 3312 625 3348 et
651 3312 824 3356 sextum,
851 3306 892 3346 id
918 3307 1026 3359 quod
1052 3306 1209 3346 omnino
1236 3305 1450 3357 respondet
1475 3305 1524 3343 iis
1552 3316 1652 3357 quae
1680 3304 1728 3344 de
1754 3305 1844 3344 loco
1870 3302 2004 3342 Festis
