2340 3658
1952 244 1994 270 Pa
2017 261 2025 270 .

506 282 539 318 4.
588 281 805 317 indictionis
832 292 988 317 carmen.
1995 251 2015 276 g

506 341 540 376 5.
589 340 729 374 dierum
756 339 934 374 definitio

506 400 539 435 6.
590 400 820 445 praesentes.

423 514 467 550 B.
506 513 715 550 SAGRUM
742 513 882 548 DEAE
909 513 1046 548 DIAE.
1083 541 1091 548 .
1130 541 1138 548 .
1177 521 1213 549 .·
1224 541 1607 550 .........
1653 540 1661 547 .
1888 514 2027 550 10—48

305 587 324 598 κ
506 572 754 619 Temporibus
786 571 1056 617 antiquissimis
1089 582 1234 607 sacrum
1261 584 1331 607 non
1364 572 1594 607 referebatur
1627 573 1665 606 in

507 634 603 673 acta,
630 633 765 676 postea
789 629 871 664 dies
897 629 1140 674 signabantur
1164 641 1257 665 unus
1283 630 1341 665 vel
1365 630 1450 672 dno,
1477 633 1665 676 postremo

504 693 583 724 tres
585 714 1607 724 .......................
1661 716 1667 724 .
1986 689 2031 724 10

505 759 538 782 a.
577 746 759 783 Sacrificii
786 747 867 782 dies
893 748 1043 792 primus.
1089 773 1610 783 ............
1656 773 1664 782 .
1892 747 2031 783 10-17

579 807 611 841 1.
659 815 776 840 annus
803 809 842 839 et
866 804 959 840 dies.

577 864 611 899 2.
661 862 778 899 locus.

577 923 611 959 3.
658 922 755 958 ratio
781 921 879 956 sacri
905 922 1198 957 antemeridiani.

578 981 611 1017 4.
661 980 758 1016 ratio
784 980 882 1015 sacri
909 981 1203 1026 postmeridiani.

659 1039 716 1074 De
743 1039 978 1075 caerimoniis
1003 1038 1076 1073 diei
1105 1040 1211 1085 primi
1237 1040 1532 1076 commentarius.
1566 1061 1589 1064 --
1615 1040 1671 1075 De

661 1098 849 1145 sportulis.
860 1118 903 1124 -
913 1099 969 1133 De
985 1098 1244 1134 sacerdotibus
1253 1099 1486 1145 imperatoris
1496 1098 1669 1143 Augusti.

577 1157 610 1192 5.
660 1160 893 1204 praesentes.

509 1271 545 1308 b.
583 1271 764 1308 Sacrificii
790 1272 872 1308 dies
898 1273 1085 1309 secundus
1089 1299 1617 1309 ............
1662 1299 1671 1307 .
1898 1271 2036 1308 18—40

581 1333 613 1367 1.
663 1342 780 1366 annus
807 1335 845 1366 et
871 1331 990 1369 dies.-

579 1391 612 1425 2.
662 1389 778 1425 locus.

578 1450 612 1485 3.
662 1449 755 1484 ratio
782 1450 891 1485 sacri.

662 1507 719 1542 De
745 1507 864 1544 tribus
890 1511 987 1546 sacri
1013 1511 1183 1556 partibus
1210 1508 1489 1557 principalibus.

626 1572 667 1600 α.
704 1567 925 1603 sacrificium
962 1580 1156 1616 porcarum
1189 1569 1431 1616 piacularium
1464 1570 1503 1602 et
1533 1577 1671 1601 vaccae

695 1625 913 1661 honorariae
918 1652 1611 1663 ................
1658 1651 1662 1656 .
1897 1621 2037 1658 19—24

700 1685 756 1720 De
777 1685 989 1730 significatu
1005 1687 1199 1722 verborum
1215 1688 1292 1721 laco
1306 1687 1530 1730 coinquiencli
1542 1692 1574 1719 et
1594 1695 1671 1728 ope-

697 1744 748 1777 ris
751 1745 934 1787 faciundi.
946 1765 990 1770 —
999 1745 1057 1780 De
1070 1745 1249 1791 porciliis.
1263 1765 1305 1771 —
1314 1745 1447 1780 Vacca
1463 1744 1528 1779 ubi
1541 1744 1668 1778 immo·

697 1801 774 1836 lata
784 1802 844 1837 sit.
862 1823 901 1828 —
919 1803 974 1838 De
990 1815 1054 1838 ara
1067 1806 1106 1838 et
1117 1803 1241 1839 foculo
1255 1804 1429 1850 extisque
1443 1802 1612 1841 redditis.
1630 1821 1669 1826 —

699 1861 756 1895 De
781 1861 993 1904 gustatione
1019 1862 1054 1896 in
1082 1863 1279 1908 tetrastylo
1305 1862 1415 1898 facta.

626 1927 666 1978 β.
705 1919 925 1955 sacrificium
952 1931 1069 1965 agnae
1096 1922 1243 1967 opimae
1269 1924 1308 1956 et
1322 1920 1571 1956 caerimoniae
1589 1929 1671 1954 cum

701 1989 748 2014 eo
773 1979 994 2014 coniunctae
998 2005 1618 2015 ..............
1663 2004 1670 2010 .
1896 1973 2038 2010 24-36

697 2038 755 2072 De
772 2037 962 2072 Arvalium
989 2039 1194 2084 praetextis
1220 2041 1256 2073 et
1273 2039 1422 2073 coronis
1449 2038 1602 2084 spiceis.
1631 2058 1669 2063 —

697 2096 907 2132 Immolatio
933 2107 1050 2140 agnae
1077 2099 1173 2133 sacri
1194 2107 1334 2131 summa
1359 2099 1448 2132 erat.
1467 2116 1512 2122 —
1531 2096 1674 2131 Litatio

699 2155 940 2190 victimarum.
955 2146 996 2181 '—
1015 2154 1167 2190 Sacrum
1187 2155 1271 2190 ollis
1290 2155 1437 2190 factum.
1459 2175 1500 2180 -
1520 2154 1674 2189 Mensae

699 2224 842 2249 sacrae.
862 2235 896 2238 —
917 2215 972 2249 De
993 2213 1078 2248 ollis
1092 2214 1129 2248 in
1146 2213 1230 2248 luco
1245 2214 1403 2260 repert-is
1423 2213 1469 2248 de
1486 2224 1674 2248 vasorum·

699 2284 771 2318 que
797 2273 963 2307 fictilium
983 2261 1083 2307 cultu
1110 2271 1208 2318 apud
1227 2271 1428 2307 Romanos.
1451 2292 1488 2296 -
1511 2272 1566 2306 De
1593 2271 1673 2306 the-

702 2332 821 2366 sauris
837 2330 933 2366 datis
951 2331 998 2366 ad
1015 2342 1126 2366 aram.
1143 2351 1181 2355 —
1199 2330 1256 2365 De
1276 2330 1439 2377 scyphis,
1459 2331 1675 2377 sumpuviis‚

698 2390 848 2424 acerris.
867 2410 905 2415 —
923 2390 978 2424 De
994 2390 1162 2435 frugibus
1177 2389 1302 2436 petitis
1319 2394 1358 2424 et
1375 2388 1545 2424 redditis.
1567 2409 1600 2414 —
1618 2389 1674 2423 De

699 2448 813 2483 verbo
829 2450 1061 2483 descidernnt.
1072 2469 1113 2474 —
1132 2449 1187 2484 De
1201 2449 1436 2483 caerimoniis
1449 2448 1485 2481 in
1495 2446 1589 2482 aede
1599 2447 1674 2481 fac-

699 2507 760 2542 tis.
779 2527 814 2531 —
835 2506 942 2542 Ollae
961 2518 1028 2552 per
1046 2508 1179 2543 clivum
1198 2508 1333 2542 iactae.
1349 2527 1390 2532 —
1406 2506 1510 2541 Deae
1535 2509 1676 2540 unctae.

702 2585 746 2590 —
765 2566 920 2600 Carmen
947 2566 1165 2612 tripodatur.
1183 2585 1226 2591 —-
1247 2567 1302 2601 De
1328 2565 1450 2600 verbis
1470 2563 1676 2598 descindere

700 2636 853 2658 carmen.
871 2644 908 2648 —
927 2623 1096 2659 Coronae
1120 2623 1292 2658 derectae
1313 2623 1526 2657 inferuntur.
1542 2641 1582 2645 —-
1603 2622 1674 2655 Uo-

699 2685 877 2718 ronantur
895 2682 999 2718 deae.
1023 2701 1061 2706 -
1086 2682 1237 2717 Electio
1262 2681 1429 2726 magistri
1457 2684 1493 2716 et
1510 2679 1678 2714 flaminis.

700 2760 744 2766 -
770 2740 971 2775 Prandium
997 2741 1034 2774 in
1060 2740 1253 2785 tetrastylo
1280 2739 1425 2775 factum.
1452 2760 1495 2766 -
1517 2736 1678 2773 Fercula‘

700 2811 800 2835 more
827 2810 986 2846 pompae
1012 2799 1127 2833 iliata.

629 2861 666 2898 7.
701 2858 776 2893 ludi
803 2860 1004 2894 circenses.
1051 2882 1672 2890 ..............
1901 2852 2040 2888 36—39

700 2917 819 2962 Bigae
835 2917 983 2962 quaudo
997 2917 1151 2962 primum
1167 2915 1263 2950 actis
1277 2920 1618 2950 commemorentur.
1636 2934 1676 2939 -

704 2975 762 3010 De
775 2975 920 3010 ricinio.
938 2994 979 3000 -—
996 2974 1178 3018 Magister
1196 2983 1308 3019 super
1321 2982 1492 3007 carceres
1507 2971 1680 3006 ascendit

700 3033 747 3068 ad
774 3034 918 3079 signum
946 3032 1175 3068 mittendum.
1205 3051 1243 3057 -—
1275 3031 1331 3066 De
1350 3030 1454 3066 calce
1474 3030 1553 3064 sive
1571 3032 1675 3064 creta

700 3092 735 3125 in
763 3092 861 3126 ludis
887 3091 1131 3126 circensibus.

630 3153 668 3193 ὁ.
702 3160 795 3184 cena
819 3150 856 3184 in
881 3150 972 3184 urbe
998 3150 1099 3185 facta
1103 3172 1621 3183 ............
1668 3171 1676 3178 .
1995 3147 2040 3181 39

582 3208 615 3244 4.
701 3210 921 3254 praesentes
925 3229 1620 3243 ................
1667 3229 1673 3237 .
1901 3203 2042 3240 39—40
