2340 3658
181 1222 559 1259 Acclamationes
590 1222 628 1257 in
659 1222 731 1258 fine
757 1221 945 1269 epulorum
970 1224 1046 1259 usi-

226 1284 329 1316 tatae
345 1282 392 1318 45
416 1282 479 1323 463
505 1281 725 1316 coniunctae
751 1291 833 1316 cum
857 1282 955 1317 votis
980 1292 1047 1328 pro

228 1339 348 1375 salute
373 1339 570 1385 Elagabali
595 1341 679 1382 1083
706 1339 753 1376 cf.
779 1340 953 1375 felicia.

179 1398 356 1434 Acerra
378 1399 443 1441 263
470 1419 513 1425 --
545 1401 605 1434 est
629 1409 717 1434 arca
742 1398 871 1433 taralis
895 1400 954 1435 31.

179 1457 302 1492 Acta
326 1456 518 1492 Arvalium
538 1469 571 1494 v.
589 1457 801 1498 Arvales3
828 1477 872 1483 -
891 1468 1046 1492 sacer-

227 1515 454 1551 dotiorum
472 1518 644 1550 accurate
662 1515 987 1562 perscribebantur
1010 1519 1049 1550 et

226 1573 426 1620 diligenter
451 1573 745 1609 adservabantur
770 1573 838 1608 IX.

178 1631 405 1668 Adlectio
430 1631 661 1679 publicorum
687 1632 767 1668 158.

178 1690 426 1727 Adolenda
449 1690 486 1725 in
513 1690 597 1726 luco
623 1690 814 1725 Arvalium
842 1690 943 1725 culta
961 1691 1046 1732 147;

225 1771 269 1775 -—
294 1749 392 1784 idem
423 1754 484 1784 est
509 1759 640 1784 numen
676 1748 774 1794 quod
801 1748 1048 1783 Adolenda

226 1806 549 1844 Commolenda
573 1806 846 1843 Deferunda
864 1810 901 1842 et
922 1806 1045 1842 Ado-

225 1861 365 1902 lenda
390 1865 695 1911 Coinquenda
721 1865 798 1901 147.

178 1924 396 1968 Adolere,
421 1924 726 1959 adolefacere
753 1923 818 1958 141
847 1923 928 1959 142.

178 1983 245 2018 Ad
257 1985 384 2031 optio
409 1982 571 2018 Neronis
588 1981 736 2018 Claudii
755 1981 929 2017 Caesaris
948 1982 1046 2027 Aug.

225 2042 350 2078 Germ.
382 2041 594 2077 celebratur
626 2042 659 2075 V
697 2040 733 2074 k.
765 2039 874 2074 Mart.
905 2039 969 2086 553
1003 2059 1046 2066 —-

223 2101 267 2136 L.
291 2101 480 2136 Liciniani
506 2100 585 2135 sive
612 2097 691 2135 Ser.
717 2097 874 2144 Sulpicii
900 2098 1045 2133 Galbae

224 2159 400 2196 Caesaris
425 2159 503 2195 1111
527 2158 611 2193 idus
635 2157 779 2192 Ianuar.
806 2167 841 2190 a.
866 2157 912 2192 69
937 2157 993 2193 79.

176 2216 407 2253 Adstante
418 2229 436 2254 s
460 2217 672 2252 indicantur
686 2214 803 2250 verbo
819 2215 988 2250 adhibitis
1004 2217 1045 2257 ὃς

226 2297 266 2302 —-
295 2277 514 2312 omittuntur
538 2286 662 2311 eorum
689 2273 838 2309 uomina
860 2273 934 2307 iba.

175 2335 245 2371 Ad
258 2339 424 2372 ventus
468 2334 632 2370 Neronis
678 2332 824 2368 Claudii
870 2332 1044 2368 Caesaris

222 2395 321 2440 Aug.
339 2394 463 2430 Germ.
489 2397 524 2429 et
542 2393 746 2440 Poppaeae
765 2392 862 2436 Aug.
880 2394 918 2426 et
933 2391 1042 2428 Clau-

223 2451 308 2488 diae
327 2455 417 2498 Aug.
432 2454 496 2494 783
522 2471 564 2476 —
583 2450 766 2486 Hadriani
785 2449 821 2484 in
841 2449 968 2484 urbem
986 2452 1042 2487 80.

175 2509 326 2547 Aedes
358 2509 646 2548 Concordiae
683 2510 707 2545 5
742 2510 829 2550 1513
867 2534 904 2537 >--
947 2513 1043 2550 Con-

223 2569 373 2612 cordiae
410 2580 505 2616 quae
550 2571 610 2603 est
653 2568 757 2603 iuxta
798 2570 928 2606 aedem
967 2571 1044 2606 divi

221 2627 450 2675 Vespasiani
475 2627 516 2669 53
558 2644 600 2652 -
637 2637 799 2673 pronaus
836 2628 916 2664 eius
955 2630 1043 2671 151;

221 2685 371 2732 quando
406 2685 626 2721 aedificatus
661 2685 711 2720 sit
735 2686 825 2727 ibd.,·
857 2707 900 2712 —
927 2687 1041 2723 deae

220 2744 332 2779 Diae
363 2744 400 2780 in
435 2744 511 2780 alto
545 2743 748 2786 collocata,
773 2755 893 2791 neque
918 2748 1042 2781 tamen

220 2803 259 2838 iu
284 2813 424 2839 summo
449 2801 562 2844 colle;
598 2805 799 2848 supersunt
821 2804 983 2849 vestigia
1006 2805 1043 2839 in

221 2860 394 2897 aedificio
420 2859 590 2903 rotundo,
615 2861 675 2895 cui
701 2871 791 2896 casa
814 2862 955 2896 rustica
980 2873 1040 2897 su-

220 2931 289 2967 per
305 2920 484 2966 imposita
503 2923 559 2954 est
577 2918 708 2960 XXII3
730 2938 768 2943 —
787 2918 928 2954 refecta
941 2919 1043 2955 circa

218 2977 327 3012 finem
359 2978 500 3013 saeculi
531 2977 684 3013 alterius
714 2977 864 3012 tertiive
897 2977 1040 3012 initium

219 3036 310 3078 ibd.;
337 3055 379 3061 -
406 3035 672 3083 ichnographia
703 3046 726 3069 a
748 3035 903 3080 Ligorio
929 3046 1039 3071 exco-

218 3094 338 3140 gitata
354 3093 508 3135 XX1V;
534 3113 577 3119 —
594 3092 641 3128 ad
661 3103 741 3128 eam
758 3093 968 3128 immolatur
991 3094 1040 3129 ob

219 3152 371 3200 piacula
394 3152 534 3188 maiora
558 3150 643 3195 1433
685 3172 724 3176 —
752 3151 968 3186 Divorum
1002 3151 1039 3186 in

217 3210 368 3247 Palatio
404 3211 469 3253 113
507 3230 547 3236 —
588 3209 686 3245 divi
723 3209 840 3245 Iulii
878 3209 964 3251 151;
997 3229 1040 3235 -

216 3268 343 3305 Iovis
374 3268 575 3304 statoris
606 3269 677 3304 ibri.
712 3287 755 3294 -—
782 3267 969 3311 Martis,
1002 3267 1039 3302 in

1163 1235 1236 1270 qua
1253 1223 1339 1260 divo
1356 1225 1527 1271 Augusto
1542 1228 1626 1261 ante
1642 1224 1875 1261 aedificatum
1893 1227 1986 1260 tem·
2036 1261 2040 1264 ,

1165 1283 1266 1329 plum
1284 1294 1417 1319 novum
1437 1295 1546 1320 sacra
1560 1283 1700 1319 fiebant
1712 1283 1776 1326 56;
1793 1303 1831 1309 -
1851 1283 1989 1331 Opis:

1162 1342 1198 1376 in
1231 1353 1277 1377 ea
1309 1342 1533 1377 conveniunt
1556 1342 1715 1377 Arvales
1740 1353 1774 1377 a.
1798 1344 1866 1385 80,
1903 1343 1990 1389 quia

1163 1401 1337 1447 templum
1356 1401 1457 1435 Iovis
1476 1400 1676 1447 Capitolini
1700 1400 1989 1446 conflagraverat

1163 1459 1248 1499 119;
1267 1459 1608 1504 —Vespasiaui
1628 1459 1661 1494 5.
1689 1457 1989 1504 cntemplnm.

1117 1516 1352 1551 Aedituus
1379 1516 1528 1552 fratrum
1554 1516 1745 1552 Arvalium
1770 1516 1828 1551 IX
1854 1517 1935 1553 139.

1115 1575 1391 1610 Aeternitas
1416 1575 1604 1621 imperii
1632 1577 1700 1612 110
1725 1576 1812 1614 111;
1849 1594 1891 1600 —
1923 1575 1989 1609 im-

1163 1632 1321 1668 molatur
1345 1634 1379 1668 ei
1405 1634 1452 1668 ob
1479 1633 1631 1669 detecta
1646 1633 1868 1668 nefariorum
1895 1643 1983 1668 con-

1164 1690 1248 1726 silia
1273 1692 1353 1728 121.

1116 1749 1247 1794 Agna
1274 1751 1398 1797 opima
1429 1751 1639 1786 immolatur
1664 1751 1761 1786 sacri
1789 1749 1900 1785 annui
1927 1749 1987 1784 die

1162 1807 1280 1843 altero
1306 1808 1400 1843 deae
1428 1809 1521 1844 Diae
1554 1809 1590 1843 in
1624 1809 1719 1844 aede
1743 1810 1780 1844 in
1807 1809 1896 1844 foco·
1916 1809 1987 1849 24;

1163 1886 1205 1891 —-
1232 1867 1313 1902 eius
1331 1867 1532 1902 immolatio
1550 1867 1711 1902 universi
1731 1867 1827 1903 sacri
1846 1878 1987 1902 summa

1163 1924 1233 1959 suit
1256 1926 1313 1961 28.

1115 1982 1415 2020 Ambarvalia
1446 1996 1529 2020 num
1557 1983 1685 2019 eadem
1712 1983 1849 2018 fuerint
1873 1985 1985 2029 atque

1162 2052 1304 2076 sacrum
1337 2042 1527 2077 Arvalium
1560 2053 1716 2077 annuum
1747 2042 1907 2082 46—483
1942 2062 1983 2066 —

1159 2111 1287 2138 mense
1306 2101 1406 2136 Maio
1431 2100 1571 2135 fiebant
1585 2101 1650 2143 47;
1679 2121 1718 2125 —
1747 2100 1795 2135 ob
1823 2099 1985 2135 lustran-

1164 2158 1232 2193 dos
1259 2169 1368 2203 agros
1392 2159 1450 2196 48.

1114 2216 1302 2258 Anculi,
1330 2217 1526 2252 anculae
1552 2217 1631 2253 145.

1059 2285 1063 2287 ·
1114 2275 1255 2309 Anuli
1281 2275 1609 2322 imperatorum
1637 2276 1715 2312 155.

1113 2333 1210 2369 Ara
1234 2333 1472 2379 distinguitur
1497 2345 1519 2368 a
1541 2333 1665 2369 foculo
1682 2333 1745 2375 233
1772 2353 1815 2358 —
1841 2334 1981 2368 contin-

1160 2392 1260 2437 gitur
1282 2392 1346 2434 273
1385 2412 1429 2418 —
1460 2391 1637 2428 dedicata
1665 2402 1733 2438 pro
1759 2392 1977 2437 magisterio

1161 2449 1202 2485 G.
1234 2449 1304 2484 Iuli
1338 2449 1457 2486 Silani
1487 2450 1537 2485 id.
1569 2451 1655 2496 Sep.
1690 2461 1721 2485 a.
1752 2450 1797 2486 87
1832 2450 1897 2492 80;
1937 2469 1979 2475 --

1161 2508 1270 2542 deae
1305 2507 1419 2543 Diae
1454 2509 1519 2544 ubi
1553 2508 1628 2543 sita
1660 2507 1771 2542 fuerit
1795 2507 1890 2542 XXI
1913 2508 1980 2550 223

1159 2586 1203 2591 -
1236 2577 1373 2612 porcae
1406 2566 1617 2614 piaculares
1649 2564 1696 2600 ad
1737 2575 1817 2600 eam
1850 2565 1977 2601 immo-

1158 2624 1280 2659 lantur
1303 2625 1371 2667 22,
1404 2625 1493 2660 item
1527 2634 1643 2659 vacca
1665 2623 1865 2658 honoraria
1887 2624 1981 2665 ὦῶ,-

1161 2703 1199 2708 ——
1223 2683 1368 2728 genio
1394 2682 1486 2718 loci
1513 2681 1639 2716 dicata
1663 2681 1775 2727 XXI;
1803 2702 1843 2706 —-
1869 2691 1980 2727 geu-

1158 2741 1222 2776 tis
1248 2740 1411 2775 Iuliae:
1440 2739 1486 2775 ad
1514 2750 1594 2775 eam
1612 2739 1822 2774 immolatur
1844 2739 1892 2774 ob
1917 2750 1981 2774 na-

1155 2799 1267 2834 talem
1294 2798 1369 2833 divi
1395 2798 1557 2844 Augusti
1582 2798 1645 2834 58:
1678 2817 1722 2823 --
1747 2797 1908 2832 Pacis:
1942 2797 1979 2832 in

1157 2867 1288 2904 campo
1326 2857 1557 2892 sacrificatur
1599 2855 1658 2891 111
1694 2855 1729 2890 k.
1767 2855 1879 2890 Febr.
1917 2856 1978 2898 753

1157 2934 1202 2941 ——
1227 2915 1563 2951 Providentiae
1590 2914 1828 2958 Augustae
1854 2915 1927 2948 iba.

1110 2974 1229 3008 Arae
1256 2972 1542 3020 temporales
1577 2972 1615 3006 in
1649 2971 1732 3006 luco
1767 2971 1860 3007 deae
1885 2971 1979 3007 Diae

1158 3031 1225 3067 141
1251 3032 1320 3068 142
1346 3032 1427 3068 144.

1109 3089 1268 3125 Arbor
1291 3090 1454 3133 ilicina
1477 3089 1635 3131 1313;-a
1665 3087 1826 3123 laurus
1852 3088 1929 3124 137.

1110 3148 1234 3184 Arca
1267 3148 1457 3184 Arvalium
1494 3147 1630 3183 dicitur
1664 3146 1822 3193 pecunia
1853 3156 1977 3181 eorum

1157 3208 1235 3244 101.

1110 3265 1255 3300 Areus
1286 3264 1366 3300 Iani
1398 3264 1532 3311 gemini
1552 3264 1616 3308 (?):
1650 3262 1859 3298 immolatur
1892 3266 1977 3298 ante
