2340 3658
403 239 457 284 94
1182 237 1284 272 Vota
1311 246 1441 271 annua.

402 366 444 392 ex
471 355 544 391 illis
569 355 607 390 in
634 363 742 388 aram
770 352 908 397 datum,
935 357 1119 388 mactatae
1147 350 1359 388 dicebantur
1389 353 1462 388 cet.
1505 350 1560 388 Et
1586 350 1690 388 mola
1717 349 1873 400 quidem
1901 351 2219 401 aspergebantur

402 422 443 455 et
469 417 578 454 frons
607 413 786 452 victimae
815 418 855 450 et
887 413 965 450 foci
992 417 1032 450 et
1059 412 1174 450 cultri
1210 411 1279 458 (id.
1309 413 1332 450 l.
1364 424 1396 450 c.
1425 414 1462 460 2,
1494 411 1595 461 133).
1650 412 1807 451 Pariter
1827 417 1973 452 eutem
2010 413 2128 451 etiam
2163 413 2217 451 vi-

400 490 491 516 num
518 476 757 515 fundebatur
786 487 903 525 super
930 474 1143 512 victimam:
1182 476 1345 522 quotiens
1379 477 1482 519 enim,
1511 474 1650 513 scribit
1675 474 1780 516 idem
1821 474 1900 524 (ad.
1928 475 2022 514 Aen.
2050 477 2086 525 9,
2113 475 2217 525 641),

399 547 463 578 aut
490 547 544 577 tus
570 544 635 575 aut
660 540 780 574 vinum
805 549 913 586 super
939 538 1124 574 victimam
1143 536 1383 585 fundebatur,
1411 537 1595 574 dicebant:
1638 544 1779 575 mactus
1813 544 1865 575 est
1897 545 2025 576 taurus
2050 540 2133 576 vino
2159 538 2219 576 vel

401 609 497 640 ture:
524 602 615 639 item
643 599 783 638 Cicero
811 600 872 648 (de
900 601 1052 637 divinat.
1082 601 1118 647 2,
1150 600 1208 647 16,
1237 597 1302 646 37)
1327 600 1463 636 molam
1491 605 1526 636 et
1550 602 1671 637 vinnm
1698 600 1737 637 in
1757 603 1910 638 taurum
1928 601 2113 650 inspersa
2139 610 2215 638 me-

401 667 540 712 morat,
568 673 784 712 purumque
807 662 935 699 vinum
962 662 1065 699 inter
1091 672 1239 699 cornua
1265 661 1393 698 fusum
1422 672 1509 699 esse
1530 665 1724 700 testantur
1748 661 1912 701 Ovidius
1944 663 2051 712 (Met.
2070 661 2105 711 7,
2124 659 2218 712 594)

402 731 442 764 et
468 725 671 773 Vergilius
707 724 814 775 (Aen.
843 726 880 773 4,
909 725 976 771 603
1005 725 1041 773 6,
1069 723 1173 772 244).
1229 722 1339 761 Nihil
1365 722 1485 772 igitur
1526 724 1674 771 mirum,
1718 724 1826 774 quod.
1865 735 1944 763 una
1983 736 2072 764 cum
2113 724 2219 763 mola

400 789 492 826 vino
519 789 689 826 Arvales
718 799 812 825 usos
841 798 928 824 esse
956 786 1183 836 accipimus.
1231 785 1370 824 Cultro
1399 785 1568 835 denique
1597 786 1704 836 quod
1729 786 1922 825 immolari
1948 779 2131 826 victimae
2157 786 2215 825 di-

400 855 553 899 cuntur,
580 862 657 889 non
686 850 737 888 ad
764 850 889 899 ipsum
925 848 1159 887 sacrificium
1198 847 1445 886 referendum
1485 853 1558 896 est,
1599 860 1684 887 cum
1726 850 1853 887 securi
1894 849 1984 887 illae
2023 849 2216 895 malleove

401 925 616 962 percussae
657 914 878 951 mactentur
919 910 984 960 (cf.
1019 910 1258 960 Marquardt
1291 910 1315 948 1.
1355 921 1387 947 c.
1415 911 1440 947 4
1475 922 1513 960 p.
1539 910 1615 948 469
1657 912 1904 962 plurimaque
1946 910 2140 950 sacrificia
2177 911 2216 949 in

399 977 659 1013 monumentis
701 975 797 1013 artis
839 976 1159 1022 repraesentata3
1201 972 1293 1010 item
1319 971 1417 1010 Ann.
1445 975 1527 1010 inst.
1563 974 1661 1011 arch.
1694 974 1790 1012 1858
1820 985 1856 1022 p.
1889 974 1934 1011 13
1964 973 2106 1024 seqq),
2145 966 2217 1012 sed

400 1038 451 1075 ad
478 1051 647 1083 summas,
675 1041 717 1075 ut
744 1037 800 1075 ait
827 1035 1031 1084 Vergilius
1062 1035 1169 1085 (Aen.
1199 1035 1234 1083 6,
1263 1035 1365 1083 245),
1394 1036 1516 1072 media
1541 1038 1635 1073 inter
1662 1048 1801 1074 cornua
1826 1041 1960 1082 saetas,
1995 1047 2097 1086 quae
2125 1040 2216 1076 ante

399 1100 631 1138 sacrificium
661 1099 927 1149 carpebantur
953 1097 1191 1147 ignibusque
1222 1098 1345 1135 sacris
1366 1097 1679 1146 imponebantur.
1718 1097 1844 1136 Recte
1872 1102 2000 1136 autem
2028 1097 2215 1137 sacerdos

400 1162 542 1201 dicitur
568 1162 792 1200 immolasse
821 1172 892 1199 nec
920 1161 1080 1198 victima
1100 1159 1234 1198 occisa
1250 1159 1377 1209 ipsum
1393 1159 1624 1197 sacrificium
1639 1160 1876 1210 perfecisse3
1905 1173 1995 1199 nam
2015 1155 2216 1199 immolare

400 1224 619 1263 sacerdotis
645 1228 719 1273 est,
741 1227 912 1261 mactare
944 1222 1156 1261 victimarii.
1173 1244 1224 1250 -—
1240 1221 1468 1271 Sequuntur
1488 1222 1644 1260 nomina
1664 1222 1838 1271 deorum,
1867 1223 2009 1273 quibus
2030 1226 2125 1262 vota
2138 1223 2224 1262 sol-.

399 1291 550 1334 vuntur‚
568 1287 689 1336 Iovis,
705 1287 881 1334 Iunonis,
897 1286 1115 1324 Minervae.
1151 1284 1323 1323 Accedit
1339 1283 1457 1322 Salus
1480 1284 1642 1333 publiea
1656 1286 1795 1335 populi
1810 1285 1979 1324 Romani
1995 1285 2216 1334 Quiritium,

399 1350 548 1388 cuiuna
560 1349 784 1387 cumillisin
798 1350 888 1398 ipsa
898 1360 993 1387 area
1003 1351 1092 1386 ante
1111 1348 1246 1386 aedem
1264 1347 1372 1385 Iovis
1389 1346 1675 1386 immolabatur.
1704 1348 1754 1386 Id
1768 1348 1904 1386 mirum
1920 1351 2214 1398 estpropterea,

399 1412 517 1463 quod,
536 1424 622 1450 cum
639 1412 736 1450 divis
758 1411 1061 1461 imperatoribus
1085 1411 1123 1448 in
1141 1411 1287 1460 templo
1304 1410 1383 1447 divi
1399 1410 1573 1457 Augusti
1589 1410 1876 1448 sacrificaretur
1904 1410 2119 1460 (cfivotaa.
2134 1411 2215 1460 69),

398 1476 690 1513 celeberrimum
721 1474 871 1512 Salutis
899 1474 1085 1523 templum
1116 1474 1156 1510 in
1186 1472 1377 1520 Quirinali
1406 1471 1457 1509 ad
1485 1475 1641 1521 portam
1667 1471 1887 1512 Salutarem
1914 1473 2036 1512 fuisse
2069 1474 2213 1513 seimus
2251 1497 2255 1502 ·

399 1537 466 1586 (cf.
484 1538 643 1576 Becker
668 1539 826 1587 Topoyr.
854 1549 891 1586 p.
909 1536 1000 1587 578)
1029 1538 1073 1574 ut
1099 1537 1137 1574 in
1167 1547 1214 1573 eo
1242 1535 1423 1573 videatur
1451 1535 1485 1572 ei
1512 1535 1791 1573 immolandum
1819 1535 1951 1574 fuisse.
1998 1535 2214 1584 Quominus

397 1605 529 1638 tamen
558 1599 860 1648 distinguendas
887 1611 974 1637 esse
1012 1603 1192 1649 putemus
1229 1596 1407 1636 Salutem
1436 1597 1664 1648 simpliciter
1691 1598 1837 1636 dictam
1863 1596 2117 1649 Salutemque
2145 1610 2215 1648 pu·

400 1663 541 1701 blicam
572 1663 654 1701 sive
681 1663 880 1712 publicam
920 1662 1059 1711 populi
1088 1661 1259 1699 Romani
1288 1660 1508 1708 Quiritium,
1547 1659 1767 1709 impediunt
1809 1662 1985 1699 votorum
2027 1660 2213 1709 carmina,

403 1725 451 1763 de
480 1726 622 1776 quibus
650 1736 741 1762 mox
769 1724 1009 1763 videbimus:
1050 1724 1089 1762 in
1124 1725 1170 1762 iis
1200 1724 1301 1762 enim
1328 1724 1534 1761 invocatur
1561 1722 1637 1761 dea
1665 1722 1782 1762 Salus
1824 1723 1940 1761 modo
1981 1723 2213 1773 cognomine

400 1800 551 1837 carens,
580 1789 698 1827 modo
727 1788 889 1838 publiea
929 1788 1144 1837 appellata,
1182 1786 1319 1824 addita
1345 1797 1624 1835 nonnunquam
1652 1785 1846 1824 mentione
1877 1785 2015 1836 populi
2043 1785 2213 1825 Romani

398 1849 617 1898 Quiritium.
647 1851 734 1889 Iam
755 1862 844 1888 vero
862 1862 948 1888 cum
969 1861 1073 1887 anno
1091 1851 1138 1888 59
1157 1861 1228 1899 pro
1245 1850 1371 1888 salute
1390 1853 1429 1886 et
1445 1847 1572 1886 reditu
1584 1847 1757 1886 Neronis
1771 1847 2152 1888 Salutiimmolatum
2165 1848 2217 1888 sit

396 1913 435 1950 in
464 1914 548 1952 foro
569 1916 754 1962 Augusto
784 1914 847 1961 (cf.
872 1917 962 1951 acta
981 1913 1064 1950 eius
1088 1913 1181 1951 anni
1202 1925 1234 1951 v.
1252 1913 1302 1950 34
1315 1910 1552 1962 etp.7782),
1582 1922 1629 1948 ea
1657 1913 1789 1949 aetate
1811 1911 1999 1962 templum
2014 1911 2216 1962 proprium

399 1976 475 2014 dea
502 1989 579 2014 non
609 1976 761 2014 videtur
788 1975 994 2014 habuisse:
1022 1975 1063 2013 id
1093 1979 1221 2014 autem
1249 1975 1382 2013 nescio
1405 1986 1453 2012 an
1481 1974 1537 2011 ita
1558 1974 1834 2023 explicandum
1864 1973 1927 2020 sit,
1954 1978 1998 2012 ut
2028 1973 2217 2023 templum

397 2039 436 2076 in
465 2038 657 2086 Quirinali
686 2039 814 2086 situm,
845 2051 931 2076 cum
961 2039 1034 2076 sub
1066 2037 1237 2076 Claudio
1266 2036 1448 2075 incendio
1479 2036 1648 2074 dirutum
1677 2040 1787 2075 esset
1813 2036 1982 2087 (Plinius
2014 2049 2049 2074 n.
2078 2036 2112 2074 h.
2152 2037 2215 2084 35,

401 2101 475 2149 19),
506 2113 702 2150 nunquam
732 2101 953 2139 restitutum
984 2112 1070 2138 esse
1100 2100 1288 2138 dicamus.
1315 2121 1366 2127 —
1393 2099 1485 2137 Una
1513 2110 1598 2137 cum
1630 2099 1848 2137 numinibus
1888 2099 2069 2137 victimae
2113 2108 2215 2136 com-

397 2168 660 2201 memorantur
688 2164 734 2200 iis
763 2163 999 2210 immolatae,
1028 2167 1066 2201 et
1093 2163 1351 2201 immolabant
1384 2161 1542 2212 quidem
1577 2162 1664 2199 Iovi
1698 2162 1839 2200 bovem
1873 2171 2030 2209 marem,
2066 2160 2216 2199 deabus

398 2225 565 2273 singulis
596 2225 771 2274 singulas
803 2225 925 2263 boves
954 2225 1132 2263 feminas.
1162 2249 1208 2253 -—
1236 2225 1418 2274 Denique
1453 2230 1536 2262 ecta
1570 2224 1753 2261 azalicocta
1785 2224 1987 2260 reddidisse
2025 2222 2214 2261 sacerdos

398 2286 551 2325 dicitur.
605 2286 737 2333 Anias,
767 2288 904 2327 scribit
934 2288 1078 2326 Festus
1108 2291 1156 2337 (s.
1187 2300 1222 2325 v.
1251 2299 1288 2336 p.
1305 2288 1355 2324 23
1384 2286 1444 2324 ed.
1467 2286 1561 2334 Μ.),
1589 2288 1732 2335 antiqui
1758 2285 1928 2322 dicebant
1952 2297 2044 2334 qua-s
2068 2297 2134 2323 nos
2161 2285 2216 2323 di-

398 2351 508 2386 cimus
535 2350 640 2395 ollas,
669 2352 755 2398 quia
782 2351 923 2387 nullam
950 2351 1108 2387 litteram
1132 2350 1377 2399 {seminabant
1435 2350 1569 2397 Itaque
1605 2349 1787 2385 aulicocia
1815 2346 1856 2396 (1.
1882 2346 2082 2396 culicocta)
2122 2355 2218 2395 exta,

399 2423 492 2459 quae
518 2413 557 2446 in
585 2412 666 2448 olli-s
694 2412 949 2461 coquebantur,
978 2413 1157 2458 dicebant,
1184 2413 1226 2448 id
1252 2418 1304 2449 est
1329 2412 1434 2450 elixa.
1491 2411 1592 2449 Item
1620 2410 1750 2447 Varro
1778 2410 1817 2458 (l.
1846 2411 1870 2448 l.
1900 2413 1936 2458 5,
1965 2411 2014 2448 98
2042 2410 2104 2448 ed.
2123 2409 2215 2459 M.):

397 2475 504 2518 aries,
533 2474 631 2521 quod
657 2486 734 2511 eum
762 2474 930 2511 dicebant
957 2471 1061 2524 ἀρὴν
1087 2482 1232 2519 veteres,
1259 2477 1376 2511 nostri
1403 2476 1546 2522 aroiya,
1573 2473 1655 2509 hinc
1682 2474 1866 2521 arviynuS.
1894 2472 1982 2510 haee
2012 2479 2096 2510 eunt
2126 2486 2217 2523 qua·

396 2547 477 2571 rum
503 2538 542 2572 in
567 2538 756 2584 sacrificiis
783 2543 863 2573 emta
890 2539 929 2573 in
958 2537 1044 2581 olla,
1071 2549 1145 2574 non
1170 2538 1208 2572 in
1242 2549 1330 2573 veru
1370 2542 1554 2582 cocuntur,
1595 2547 1685 2584 quas
1725 2541 1758 2572 et
1783 2534 1920 2572 Accius
1949 2535 2075 2572 scribit
2106 2541 2142 2574 et
2178 2538 2219 2574 in
2264 2549 2267 2556 ·

391 2599 592 2645 pontificiis
619 2599 720 2635 libris
747 2600 925 2644 cidemus5
954 2602 993 2636 ct
1021 2597 1150 2636 denuo
1178 2598 1219 2647 (l.
1248 2611 1280 2636 c.
1312 2599 1418 2647 104):
1447 2601 1556 2635 etiam
1576 2599 1812 2646 frumentum,
1841 2597 1940 2645 quod
1965 2597 2018 2634 ad
2035 2603 2118 2634 exta
2135 2598 2215 2636 olli·
2274 2636 2276 2638 ,

398 2671 516 2708 Coqua
542 2660 632 2697 solet
658 2662 760 2705 addi,
797 2673 839 2697 ex
871 2661 983 2705 mola,
1016 2661 1058 2697 id
1083 2667 1134 2698 est
1160 2673 1202 2698 ex
1227 2662 1304 2698 sale
1331 2668 1364 2698 et
1379 2662 1491 2710 farre
1519 2660 1656 2698 molito.
1684 2679 1734 2686 —
1760 2659 1821 2696 De
1850 2658 2089 2698 caerimonia
2123 2663 2218 2698 exta.

397 2721 591 2759 reddendi
619 2722 666 2760 cf.
696 2722 893 2760 Marinius
922 2735 960 2772 p.
989 2723 1075 2761 583.
1132 2721 1330 2761 Sacerdos
1374 2727 1466 2772 post
1502 2722 1698 2760 victimam
1741 2732 1896 2759 caesam
1935 2721 2126 2772 inspectis
2167 2721 2217 2760 ab

398 2783 607 2833 haruspice
652 2785 854 2834 coctisque
892 2785 931 2822 in
975 2785 1058 2823 olla
1099 2785 1315 2823 visceribus
1355 2784 1492 2823 horum
1521 2789 1673 2835 partem
1701 2784 1805 2822 lanei
1831 2783 2054 2833 impositam
2084 2787 2218 2823 aeter

399 2846 505 2884 cirea
534 2857 640 2884 aram
668 2847 887 2885 foculumve
917 2851 1113 2896 portatam
1142 2847 1207 2896 (cf.
1238 2847 1388 2887 Statius
1422 2848 1529 2885 Theb.
1555 2848 1595 2893 4,
1625 2846 1717 2896 466)
1746 2845 1836 2883 huic
1864 2845 2063 2885 ministros
2090 2845 2217 2897 impo-

402 2920 492 2947 nere
533 2908 696 2948 iubebat
735 2909 854 2959 idque
898 2909 1103 2947 dicebatur
1131 2916 1214 2948 exta
1240 2911 1404 2956 reddere,
1434 2922 1536 2960 quae
1565 2914 1649 2948 ture
1679 2908 1820 2946 deinde
1849 2911 1888 2946 et
1914 2908 2019 2946 mola
2044 2907 2216 2963 ⁴vinoque

400 2981 568 3020 aspersa
594 2970 632 3008 in
661 2971 847 3010 honorem
876 2971 1035 3009 deorum
1065 2973 1350 3011 cremabantur.
1407 2972 1467 3011 Of.
1493 2971 1653 3012 Servius
1695 2971 1762 3021 qui
1791 2971 1844 3008 ad
1871 2981 2028 3009 versum
2047 2970 2218 3020 Vergilii

403 3031 555 3082 (Geory.
585 3034 621 3082 2,
652 3033 740 3083 194)
770 3035 933 3072 lancibus
961 3041 995 3071 et
1012 3035 1154 3083 pandis
1172 3036 1364 3083 fumantia
1390 3036 1575 3072 reddimus
1615 3040 1696 3071 exta
1735 3032 1902 3072 adnotat
1939 3032 2058 3071 haec:
2097 3044 2217 3072 saeer-

402 3095 526 3132 dotum
552 3109 635 3133 usus
663 3102 713 3134 est
740 3097 856 3134 uerbo.
884 3097 991 3133 reddi
1018 3099 1111 3134 enim
1138 3097 1350 3134 dicebantur
1377 3103 1472 3142 exta,
1500 3109 1579 3134 cum
1602 3096 1768 3145 probata
1795 3101 1829 3133 et
1854 3095 1950 3132 elim
1975 3106 2067 3132 arae
2091 3107 2216 3144 euper-

395 3157 627 3206 ponebantur
637 3173 649 3203 ‚·
677 3158 802 3208 deque
830 3157 966 3198 Potito
995 3162 1034 3197 et
1062 3159 1222 3197 Pinario
1252 3160 1373 3197 verba
1401 3159 1551 3197 faciens
1578 3158 1680 3196 hunc
1710 3157 1760 3195 ad
1790 3156 2020 3195 sacrificium
2049 3156 2099 3195 ab
2114 3155 2216 3196 Her·

403 3219 488 3256 cule
515 3219 733 3258 institutum
763 3221 971 3259 advenisse
1000 3224 1134 3260 narrat
1159 3224 1248 3259 extis
1273 3224 1350 3259 iam
1375 3222 1527 3259 redditis
1558 3219 1627 3270 (ad
1652 3220 1744 3258 Aen.
1769 3221 1805 3269 8,
1834 3219 1943 3268 269);
1972 3219 2064 3257 item
2094 3218 2216 3257 schol.

402 3282 455 3318 ad
478 3283 578 3320 Stat.
612 3283 783 3323 Thebaid.
812 3287 848 3335 5,
877 3286 970 3324 641:
1006 3290 1180 3334 prosecta
1222 3285 1388 3321 dicuntur
1431 3290 1524 3330 eata,
1565 3296 1643 3321 cum
1681 3284 1882 3322 redduntur
1914 3284 2076 3331 inspecta
2105 3311 2112 3320 .
2143 3311 2150 3319 .
2179 3286 2218 3329 1,-
