<?xml version="1.0" encoding="UTF-8"?>
<!DOCTYPE html PUBLIC "-//W3C//DTD XHTML 1.0 Transitional//EN"
    "http://www.w3.org/TR/xhtml1/DTD/xhtml1-transitional.dtd">
<html xmlns="http://www.w3.org/1999/xhtml" xml:lang="en" lang="en">
 <head>
  <title>
</title>
<meta http-equiv="Content-Type" content="text/html;charset=utf-8" />
  <meta name='ocr-system' content='tesseract 3.04.00' />
  <meta name='ocr-capabilities' content='ocr_page ocr_carea ocr_par ocr_line ocrx_word'/>
</head>
<body>
  <div class='ocr_page' id='page_1' title='image "./actafratrumarval00henzuoft_0320.png"; bbox 0 0 2340 3658; ppageno 0'>
   <div class='ocr_carea' id='block_1_1' title="bbox 364 223 1512 271">
    <p class='ocr_par' dir='ltr' id='par_1_1' title="bbox 364 223 1512 271">
     <span class='ocr_line' id='line_1_1' title="bbox 364 223 1512 271; baseline -0.004 -8"><span class='ocrx_word' id='word_1_1' title='bbox 364 229 421 271; x_wconf 80' lang='lat'>50</span> <span class='ocrx_word' id='word_1_2' title='bbox 1036 223 1228 260; x_wconf 78' lang='lat' dir='ltr'>Sacrificia</span> <span class='ocrx_word' id='word_1_3' title='bbox 1253 224 1512 259; x_wconf 73' lang='lat' dir='ltr'>anniversaria,</span> 
     </span>
    </p>
   </div>
   <div class='ocr_carea' id='block_1_2' title="bbox 372 336 1228 399">
    <p class='ocr_par' dir='ltr' id='par_1_2' title="bbox 372 336 1228 399">
     <span class='ocr_line' id='line_1_2' title="bbox 372 336 1228 399; baseline -0.001 -19"><span class='ocrx_word' id='word_1_4' title='bbox 372 341 455 399; x_wconf 82' lang='lat'>[66]</span> <span class='ocrx_word' id='word_1_5' title='bbox 839 339 908 396; x_wconf 87' lang='lat' dir='ltr'>[ob</span> <span class='ocrx_word' id='word_1_6' title='bbox 940 336 1228 393; x_wconf 84' lang='lat' dir='ltr'>Au]gustalia.</span> 
     </span>
    </p>
   </div>
   <div class='ocr_carea' id='block_1_3' title="bbox 359 416 2196 1219">
    <p class='ocr_par' dir='ltr' id='par_1_3' title="bbox 359 416 2194 1219">
     <span class='ocr_line' id='line_1_3' title="bbox 473 416 2186 469; baseline -0.001 -9"><span class='ocrx_word' id='word_1_7' title='bbox 473 422 530 460; x_wconf 90' lang='lat' dir='ltr'>De</span> <span class='ocrx_word' id='word_1_8' title='bbox 560 419 849 469; x_wconf 74' lang='lat' dir='ltr'>Augustalibus</span> <span class='ocrx_word' id='word_1_9' title='bbox 892 416 943 455; x_wconf 84' lang='lat' dir='ltr'>ad</span> <span class='ocrx_word' id='word_1_10' title='bbox 986 416 1086 454; x_wconf 87' lang='lat' dir='ltr'>diem</span> <span class='ocrx_word' id='word_1_11' title='bbox 1129 416 1224 454; x_wconf 95' lang='lat' dir='ltr'>IIII</span> <span class='ocrx_word' id='word_1_12' title='bbox 1263 416 1354 455; x_wconf 90' lang='lat' dir='ltr'>idus</span> <span class='ocrx_word' id='word_1_13' title='bbox 1397 416 1593 455; x_wconf 79' lang='lat' dir='ltr'>Octobres</span> <span class='ocrx_word' id='word_1_14' title='bbox 1631 416 1782 457; x_wconf 85' lang='lat' dir='ltr'>habent</span> <span class='ocrx_word' id='word_1_15' title='bbox 1808 419 1901 458; x_wconf 82' lang='lat' dir='ltr'>fasti</span> <span class='ocrx_word' id='word_1_16' title='bbox 1928 419 2186 458; x_wconf 82' lang='lat' dir='ltr'>Amiternini:</span> 
     </span>
     <span class='ocr_line' id='line_1_4' title="bbox 359 479 2189 535; baseline -0.002 -11"><span class='ocrx_word' id='word_1_17' title='bbox 359 488 486 535; x_wconf 79' lang='lat' dir='ltr'>seriae</span> <span class='ocrx_word' id='word_1_18' title='bbox 513 498 554 523; x_wconf 72' lang='lat' dir='ltr'>er</span> <span class='ocrx_word' id='word_1_19' title='bbox 579 489 721 522; x_wconf 79' lang='lat' dir='ltr'>senatus</span> <span class='ocrx_word' id='word_1_20' title='bbox 748 482 923 526; x_wconf 77' lang='lat' dir='ltr'>consulto,</span> <span class='ocrx_word' id='word_1_21' title='bbox 951 480 1052 529; x_wconf 84' lang='lat' dir='ltr'>quod</span> <span class='ocrx_word' id='word_1_22' title='bbox 1077 492 1117 516; x_wconf 86' lang='lat' dir='ltr'>eo</span> <span class='ocrx_word' id='word_1_23' title='bbox 1146 479 1204 516; x_wconf 79' lang='lat' dir='ltr'>die</span> <span class='ocrx_word' id='word_1_24' title='bbox 1228 480 1462 528; x_wconf 76' lang='lat' dir='ltr'>imp(erator)</span> <span class='ocrx_word' id='word_1_25' title='bbox 1498 479 1634 517; x_wconf 85' lang='lat' dir='ltr'>Caesar</span> <span class='ocrx_word' id='word_1_26' title='bbox 1662 482 1846 531; x_wconf 68' lang='lat' dir='ltr'>Auqustus</span> <span class='ocrx_word' id='word_1_27' title='bbox 1872 494 1913 519; x_wconf 79' lang='lat' dir='ltr'>ex</span> <span class='ocrx_word' id='word_1_28' title='bbox 1933 485 2189 521; x_wconf 78' lang='lat' dir='ltr'>transmarinis</span> 
     </span>
     <span class='ocr_line' id='line_1_5' title="bbox 363 541 2189 597; baseline -0.001 -11"><span class='ocrx_word' id='word_1_29' title='bbox 363 550 567 597; x_wconf 69' lang='lat' dir='ltr'>provinciis</span> <span class='ocrx_word' id='word_1_30' title='bbox 602 547 726 584; x_wconf 82' lang='lat' dir='ltr'>urbem</span> <span class='ocrx_word' id='word_1_31' title='bbox 759 545 911 581; x_wconf 78' lang='lat' dir='ltr'>intravit</span> <span class='ocrx_word' id='word_1_32' title='bbox 946 554 1087 592; x_wconf 77' lang='lat' dir='ltr'>araque</span> <span class='ocrx_word' id='word_1_33' title='bbox 1123 541 1312 579; x_wconf 80' lang='lat' dir='ltr'>Fortunae</span> <span class='ocrx_word' id='word_1_34' title='bbox 1344 542 1488 578; x_wconf 79' lang='lat' dir='ltr'>reducis</span> <span class='ocrx_word' id='word_1_35' title='bbox 1522 545 1713 581; x_wconf 68' lang='lat' dir='ltr'>constituta</span> <span class='ocrx_word' id='word_1_36' title='bbox 1746 550 1804 582; x_wconf 84' lang='lat' dir='ltr'>est.</span> <span class='ocrx_word' id='word_1_37' title='bbox 1854 543 1922 582; x_wconf 88' lang='lat' dir='ltr'>Ad</span> <span class='ocrx_word' id='word_1_38' title='bbox 1949 544 2052 584; x_wconf 80' lang='lat' dir='ltr'>hane</span> <span class='ocrx_word' id='word_1_39' title='bbox 2079 556 2189 584; x_wconf 80' lang='lat' dir='ltr'>aram</span> 
     </span>
     <span class='ocr_line' id='line_1_6' title="bbox 369 604 2186 659; baseline -0.001 -11"><span class='ocrx_word' id='word_1_40' title='bbox 369 622 492 659; x_wconf 85' lang='lat' dir='ltr'>prope</span> <span class='ocrx_word' id='word_1_41' title='bbox 522 614 676 659; x_wconf 84' lang='lat' dir='ltr'>portam</span> <span class='ocrx_word' id='word_1_42' title='bbox 706 607 907 655; x_wconf 82' lang='lat' dir='ltr'>Capenam</span> <span class='ocrx_word' id='word_1_43' title='bbox 937 605 1058 644; x_wconf 84' lang='lat' dir='ltr'>fiebat</span> <span class='ocrx_word' id='word_1_44' title='bbox 1086 615 1243 643; x_wconf 86' lang='lat' dir='ltr'>sacrum</span> <span class='ocrx_word' id='word_1_45' title='bbox 1271 605 1526 653; x_wconf 85' lang='lat' dir='ltr'>praecipuum</span> <span class='ocrx_word' id='word_1_46' title='bbox 1556 604 1622 654; x_wconf 86' lang='lat' dir='ltr'>(cf.</span> <span class='ocrx_word' id='word_1_47' title='bbox 1651 607 1756 645; x_wconf 83' lang='lat' dir='ltr'>Mon.</span> <span class='ocrx_word' id='word_1_48' title='bbox 1785 606 1924 657; x_wconf 73' lang='lat' dir='ltr'>Aneyr.</span> <span class='ocrx_word' id='word_1_49' title='bbox 1953 608 1989 655; x_wconf 86' lang='lat'>2,</span> <span class='ocrx_word' id='word_1_50' title='bbox 2009 608 2058 645; x_wconf 84' lang='lat'>29</span> <span class='ocrx_word' id='word_1_51' title='bbox 2075 618 2186 658; x_wconf 86' lang='lat' dir='ltr'><strong>seqq.</strong></span> 
     </span>
     <span class='ocr_line' id='line_1_7' title="bbox 366 666 2190 721; baseline -0.001 -11"><span class='ocrx_word' id='word_1_52' title='bbox 366 673 505 721; x_wconf 86' lang='lat' dir='ltr'>ibique</span> <span class='ocrx_word' id='word_1_53' title='bbox 533 673 750 710; x_wconf 85' lang='lat' dir='ltr'>Mommsen</span> <span class='ocrx_word' id='word_1_54' title='bbox 779 681 816 718; x_wconf 88' lang='lat' dir='ltr'>p.</span> <span class='ocrx_word' id='word_1_55' title='bbox 837 669 886 706; x_wconf 88' lang='grc'>29</span> <span class='ocrx_word' id='word_1_56' title='bbox 914 668 991 716; x_wconf 89' lang='lat'>30),</span> <span class='ocrx_word' id='word_1_57' title='bbox 1020 666 1240 716; x_wconf 89' lang='lat' dir='ltr'>posteriorc</span> <span class='ocrx_word' id='word_1_58' title='bbox 1257 670 1388 704; x_wconf 88' lang='lat' dir='ltr'>tamen</span> <span class='ocrx_word' id='word_1_59' title='bbox 1404 670 1536 705; x_wconf 83' lang='lat' dir='ltr'>aetate</span> <span class='ocrx_word' id='word_1_60' title='bbox 1554 667 1681 707; x_wconf 82' lang='lat' dir='ltr'>additi</span> <span class='ocrx_word' id='word_1_61' title='bbox 1695 673 1786 708; x_wconf 88' lang='lat' dir='ltr'>sunt</span> <span class='ocrx_word' id='word_1_62' title='bbox 1799 669 1882 707; x_wconf 91' lang='lat' dir='ltr'>ludi</span> <span class='ocrx_word' id='word_1_63' title='bbox 1898 669 1989 708; x_wconf 90' lang='lat' dir='ltr'>divo</span> <span class='ocrx_word' id='word_1_64' title='bbox 2005 670 2190 719; x_wconf 87' lang='lat' dir='ltr'>Augusto</span> 
     </span>
     <span class='ocr_line' id='line_1_8' title="bbox 371 728 2192 782; baseline -0.001 -10"><span class='ocrx_word' id='word_1_65' title='bbox 371 739 412 772; x_wconf 88' lang='lat' dir='ltr'>et</span> <span class='ocrx_word' id='word_1_66' title='bbox 439 734 640 772; x_wconf 84' lang='lat' dir='ltr'>Fortunae</span> <span class='ocrx_word' id='word_1_67' title='bbox 671 732 806 770; x_wconf 85' lang='lat' dir='ltr'>reduci</span> <span class='ocrx_word' id='word_1_68' title='bbox 843 729 1034 769; x_wconf 85' lang='lat' dir='ltr'>celebrati</span> <span class='ocrx_word' id='word_1_69' title='bbox 1070 729 1194 778; x_wconf 89' lang='lat' dir='ltr'>primo</span> <span class='ocrx_word' id='word_1_70' title='bbox 1232 741 1255 766; x_wconf 83' lang='lat' dir='ltr'>a</span> <span class='ocrx_word' id='word_1_71' title='bbox 1281 729 1394 767; x_wconf 88' lang='lat' dir='ltr'>nonis</span> <span class='ocrx_word' id='word_1_72' title='bbox 1424 728 1667 769; x_wconf 77' lang='lat' dir='ltr'>Octobribus</span> <span class='ocrx_word' id='word_1_73' title='bbox 1698 733 1797 781; x_wconf 82' lang='lat' dir='ltr'>(fast.</span> <span class='ocrx_word' id='word_1_74' title='bbox 1828 734 1969 780; x_wconf 67' lang='lat' dir='ltr'>Amit),</span> <span class='ocrx_word' id='word_1_75' title='bbox 1997 736 2140 782; x_wconf 87' lang='lat' dir='ltr'>postea</span> <span class='ocrx_word' id='word_1_76' title='bbox 2167 744 2192 770; x_wconf 80' lang='lat' dir='ltr'>a</span> 
     </span>
     <span class='ocr_line' id='line_1_9' title="bbox 370 790 2189 844; baseline -0.002 -9"><span class='ocrx_word' id='word_1_77' title='bbox 370 796 432 834; x_wconf 90' lang='lat' dir='ltr'>die</span> <span class='ocrx_word' id='word_1_78' title='bbox 462 796 530 834; x_wconf 91' lang='lat' dir='ltr'>III</span> <span class='ocrx_word' id='word_1_79' title='bbox 560 807 684 834; x_wconf 85' lang='lat' dir='ltr'>nonas</span> <span class='ocrx_word' id='word_1_80' title='bbox 714 805 838 843; x_wconf 88' lang='lat' dir='ltr'>usque</span> <span class='ocrx_word' id='word_1_81' title='bbox 867 792 919 831; x_wconf 85' lang='lat' dir='ltr'>ad</span> <span class='ocrx_word' id='word_1_82' title='bbox 948 791 1049 830; x_wconf 89' lang='lat' dir='ltr'>diem</span> <span class='ocrx_word' id='word_1_83' title='bbox 1078 791 1172 829; x_wconf 91' lang='lat' dir='ltr'>IIII</span> <span class='ocrx_word' id='word_1_84' title='bbox 1201 790 1291 829; x_wconf 87' lang='lat' dir='ltr'>idus</span> <span class='ocrx_word' id='word_1_85' title='bbox 1318 790 1475 829; x_wconf 85' lang='lat' dir='ltr'>easdem</span> <span class='ocrx_word' id='word_1_86' title='bbox 1509 794 1610 842; x_wconf 75' lang='lat' dir='ltr'>(fasti</span> <span class='ocrx_word' id='word_1_87' title='bbox 1629 794 1797 842; x_wconf 61' lang='lat' dir='ltr'>Amat).</span> <span class='ocrx_word' id='word_1_88' title='bbox 1841 794 1916 842; x_wconf 78' lang='lat' dir='ltr'>Qui</span> <span class='ocrx_word' id='word_1_89' title='bbox 1935 794 2065 844; x_wconf 85' lang='lat' dir='ltr'>coepti</span> <span class='ocrx_word' id='word_1_90' title='bbox 2084 806 2189 834; x_wconf 85' lang='lat' dir='ltr'>anno</span> 
     </span>
     <span class='ocr_line' id='line_1_10' title="bbox 375 853 2193 907; baseline -0.001 -11"><span class='ocrx_word' id='word_1_91' title='bbox 375 871 410 896; x_wconf 93' lang='lat' dir='ltr'>u.</span> <span class='ocrx_word' id='word_1_92' title='bbox 440 871 472 896; x_wconf 91' lang='lat' dir='ltr'>c.</span> <span class='ocrx_word' id='word_1_93' title='bbox 505 857 577 896; x_wconf 90' lang='lat'>743</span> <span class='ocrx_word' id='word_1_94' title='bbox 607 857 698 906; x_wconf 88' lang='lat' dir='ltr'>(Dio</span> <span class='ocrx_word' id='word_1_95' title='bbox 728 858 790 904; x_wconf 85' lang='lat'>54,</span> <span class='ocrx_word' id='word_1_96' title='bbox 810 856 889 903; x_wconf 86' lang='lat'>34),</span> <span class='ocrx_word' id='word_1_97' title='bbox 917 854 993 893; x_wconf 91' lang='lat' dir='ltr'>etsi</span> <span class='ocrx_word' id='word_1_98' title='bbox 1022 853 1234 904; x_wconf 80' lang='lat' dir='ltr'>quotannis</span> <span class='ocrx_word' id='word_1_99' title='bbox 1255 853 1438 892; x_wconf 86' lang='lat' dir='ltr'>videntur</span> <span class='ocrx_word' id='word_1_100' title='bbox 1456 854 1550 892; x_wconf 86' lang='lat' dir='ltr'>editi</span> <span class='ocrx_word' id='word_1_101' title='bbox 1580 866 1669 893; x_wconf 90' lang='lat' dir='ltr'>esse</span> <span class='ocrx_word' id='word_1_102' title='bbox 1699 857 1766 907; x_wconf 90' lang='lat' dir='ltr'>(id.</span> <span class='ocrx_word' id='word_1_103' title='bbox 1787 859 1849 903; x_wconf 85' lang='lat'>55,</span> <span class='ocrx_word' id='word_1_104' title='bbox 1865 857 1917 907; x_wconf 91' lang='lat'>8),</span> <span class='ocrx_word' id='word_1_105' title='bbox 1945 857 2034 907; x_wconf 88' lang='lat' dir='ltr'>lege</span> <span class='ocrx_word' id='word_1_106' title='bbox 2061 860 2193 895; x_wconf 84' lang='lat' dir='ltr'>tamen</span> 
     </span>
     <span class='ocr_line' id='line_1_11' title="bbox 374 916 2191 968; baseline 0 -10"><span class='ocrx_word' id='word_1_107' title='bbox 374 932 477 958; x_wconf 84' lang='lat' dir='ltr'>auno</span> <span class='ocrx_word' id='word_1_108' title='bbox 508 920 661 958; x_wconf 88' lang='lat' dir='ltr'>demum</span> <span class='ocrx_word' id='word_1_109' title='bbox 690 918 761 957; x_wconf 92' lang='lat'>767</span> <span class='ocrx_word' id='word_1_110' title='bbox 794 919 845 968; x_wconf 82' lang='lat' dir='ltr'>(p.</span> <span class='ocrx_word' id='word_1_111' title='bbox 871 916 916 955; x_wconf 88' lang='lat' dir='ltr'>C.</span> <span class='ocrx_word' id='word_1_112' title='bbox 950 917 1013 965; x_wconf 87' lang='grc'>14)</span> <span class='ocrx_word' id='word_1_113' title='bbox 1051 917 1169 954; x_wconf 85' lang='lat' dir='ltr'>annui</span> <span class='ocrx_word' id='word_1_114' title='bbox 1205 916 1302 954; x_wconf 79' lang='lat' dir='ltr'>facti</span> <span class='ocrx_word' id='word_1_115' title='bbox 1331 921 1421 954; x_wconf 89' lang='lat' dir='ltr'>sunt</span> <span class='ocrx_word' id='word_1_116' title='bbox 1449 916 1542 967; x_wconf 91' lang='lat' dir='ltr'>(Dio</span> <span class='ocrx_word' id='word_1_117' title='bbox 1570 919 1632 967; x_wconf 88' lang='lat'>56,</span> <span class='ocrx_word' id='word_1_118' title='bbox 1651 919 1719 967; x_wconf 86' lang='lat'>46;</span> <span class='ocrx_word' id='word_1_119' title='bbox 1749 919 1916 958; x_wconf 80' lang='lat' dir='ltr'>Tacitus</span> <span class='ocrx_word' id='word_1_120' title='bbox 1946 932 2044 963; x_wconf 58' lang='lat' dir='ltr'>ann„</span> <span class='ocrx_word' id='word_1_121' title='bbox 2063 920 2096 968; x_wconf 86' lang='lat'>1,</span> <span class='ocrx_word' id='word_1_122' title='bbox 2117 919 2191 968; x_wconf 82' lang='lat'>15).</span> 
     </span>
     <span class='ocr_line' id='line_1_12' title="bbox 373 977 2192 1031; baseline -0.001 -10"><span class='ocrx_word' id='word_1_123' title='bbox 373 984 433 1021; x_wconf 88' lang='lat' dir='ltr'>De</span> <span class='ocrx_word' id='word_1_124' title='bbox 463 983 508 1020; x_wconf 89' lang='lat' dir='ltr'>iis</span> <span class='ocrx_word' id='word_1_125' title='bbox 539 982 639 1020; x_wconf 84' lang='lat' dir='ltr'>dixit</span> <span class='ocrx_word' id='word_1_126' title='bbox 666 982 889 1019; x_wconf 86' lang='lat' dir='ltr'>Mommsen</span> <span class='ocrx_word' id='word_1_127' title='bbox 937 981 974 1018; x_wconf 81' lang='lat' dir='ltr'>G.</span> <span class='ocrx_word' id='word_1_128' title='bbox 996 981 1031 1017; x_wconf 91' lang='grc' dir='ltr'>Ι.</span> <span class='ocrx_word' id='word_1_129' title='bbox 1052 980 1099 1017; x_wconf 91' lang='lat' dir='ltr'>L.</span> <span class='ocrx_word' id='word_1_130' title='bbox 1134 981 1151 1016; x_wconf 93' lang='lat'>1</span> <span class='ocrx_word' id='word_1_131' title='bbox 1181 990 1219 1028; x_wconf 89' lang='lat' dir='ltr'>p.</span> <span class='ocrx_word' id='word_1_132' title='bbox 1240 979 1315 1016; x_wconf 88' lang='lat'>403</span> <span class='ocrx_word' id='word_1_133' title='bbox 1335 979 1423 1017; x_wconf 84' lang='lat'>404.</span> <span class='ocrx_word' id='word_1_134' title='bbox 1449 1001 1500 1007; x_wconf 92' lang='lat'>—-</span> <span class='ocrx_word' id='word_1_135' title='bbox 1527 981 1586 1018; x_wconf 92' lang='lat' dir='ltr'>De</span> <span class='ocrx_word' id='word_1_136' title='bbox 1615 981 1818 1020; x_wconf 79' lang='lat' dir='ltr'>sacrificiis</span> <span class='ocrx_word' id='word_1_137' title='bbox 1847 982 1884 1019; x_wconf 93' lang='lat' dir='ltr'>in</span> <span class='ocrx_word' id='word_1_138' title='bbox 1914 981 2062 1031; x_wconf 85' lang='lat' dir='ltr'>templo</span> <span class='ocrx_word' id='word_1_139' title='bbox 2091 977 2192 1021; x_wconf 87' lang='lat' dir='ltr'>novo</span> 
     </span>
     <span class='ocr_line' id='line_1_13' title="bbox 373 1041 2194 1094; baseline 0.001 -12"><span class='ocrx_word' id='word_1_140' title='bbox 373 1046 423 1083; x_wconf 90' lang='lat' dir='ltr'>ob</span> <span class='ocrx_word' id='word_1_141' title='bbox 452 1045 694 1093; x_wconf 80' lang='lat' dir='ltr'>Augustalia</span> <span class='ocrx_word' id='word_1_142' title='bbox 723 1044 840 1082; x_wconf 86' lang='lat' dir='ltr'>factis</span> <span class='ocrx_word' id='word_1_143' title='bbox 871 1041 966 1080; x_wconf 86' lang='lat' dir='ltr'>nihil</span> <span class='ocrx_word' id='word_1_144' title='bbox 995 1041 1154 1079; x_wconf 84' lang='lat' dir='ltr'>aliunde</span> <span class='ocrx_word' id='word_1_145' title='bbox 1181 1042 1364 1089; x_wconf 82' lang='lat' dir='ltr'>innotuit,</span> <span class='ocrx_word' id='word_1_146' title='bbox 1395 1042 1463 1079; x_wconf 88' lang='lat' dir='ltr'>sed</span> <span class='ocrx_word' id='word_1_147' title='bbox 1492 1042 1579 1092; x_wconf 87' lang='lat' dir='ltr'>ipsa</span> <span class='ocrx_word' id='word_1_148' title='bbox 1607 1055 1670 1082; x_wconf 88' lang='lat' dir='ltr'>res</span> <span class='ocrx_word' id='word_1_149' title='bbox 1698 1056 1865 1094; x_wconf 87' lang='lat' dir='ltr'>poscere</span> <span class='ocrx_word' id='word_1_150' title='bbox 1886 1044 2040 1083; x_wconf 79' lang='lat' dir='ltr'>videtur</span> <span class='ocrx_word' id='word_1_151' title='bbox 2066 1046 2110 1083; x_wconf 76' lang='lat' dir='ltr'>ut</span> <span class='ocrx_word' id='word_1_152' title='bbox 2130 1044 2194 1083; x_wconf 84' lang='lat' dir='ltr'>die</span> 
     </span>
     <span class='ocr_line' id='line_1_14' title="bbox 371 1104 2196 1157; baseline 0.001 -13"><span class='ocrx_word' id='word_1_153' title='bbox 371 1119 504 1145; x_wconf 89' lang='lat' dir='ltr'>eorum</span> <span class='ocrx_word' id='word_1_154' title='bbox 533 1107 669 1144; x_wconf 86' lang='lat' dir='ltr'>ultimo</span> <span class='ocrx_word' id='word_1_155' title='bbox 698 1119 744 1145; x_wconf 84' lang='lat' dir='ltr'>ac</span> <span class='ocrx_word' id='word_1_156' title='bbox 772 1105 957 1156; x_wconf 85' lang='lat' dir='ltr'>primario</span> <span class='ocrx_word' id='word_1_157' title='bbox 986 1104 1047 1154; x_wconf 74' lang='lat' dir='ltr'>ips</span> <span class='ocrx_word' id='word_1_158' title='bbox 1033 1105 1065 1141; x_wconf 88' lang='lat' dir='ltr'>i</span> <span class='ocrx_word' id='word_1_159' title='bbox 1100 1104 1191 1141; x_wconf 87' lang='lat' dir='ltr'>divo</span> <span class='ocrx_word' id='word_1_160' title='bbox 1226 1106 1413 1154; x_wconf 89' lang='lat' dir='ltr'>Augusto</span> <span class='ocrx_word' id='word_1_161' title='bbox 1448 1105 1487 1143; x_wconf 90' lang='lat' dir='ltr'>in</span> <span class='ocrx_word' id='word_1_162' title='bbox 1523 1107 1670 1155; x_wconf 86' lang='lat' dir='ltr'>templo</span> <span class='ocrx_word' id='word_1_163' title='bbox 1706 1107 1830 1157; x_wconf 88' lang='lat' dir='ltr'>ipsius</span> <span class='ocrx_word' id='word_1_164' title='bbox 1863 1106 2104 1147; x_wconf 87' lang='lat' dir='ltr'>immolatum</span> <span class='ocrx_word' id='word_1_165' title='bbox 2132 1107 2196 1157; x_wconf 83' lang='lat' dir='ltr'>sit,</span> 
     </span>
     <span class='ocr_line' id='line_1_15' title="bbox 375 1159 1940 1219; baseline -0.001 -11"><span class='ocrx_word' id='word_1_166' title='bbox 375 1170 428 1208; x_wconf 83' lang='lat' dir='ltr'>ad</span> <span class='ocrx_word' id='word_1_167' title='bbox 456 1181 542 1207; x_wconf 87' lang='lat' dir='ltr'>eum</span> <span class='ocrx_word' id='word_1_168' title='bbox 571 1169 814 1208; x_wconf 80' lang='lat' dir='ltr'>accesse1int</span> <span class='ocrx_word' id='word_1_169' title='bbox 841 1172 983 1218; x_wconf 87' lang='lat' dir='ltr'>postea</span> <span class='ocrx_word' id='word_1_170' title='bbox 1012 1167 1132 1205; x_wconf 80' lang='lat' dir='ltr'>ceteli</span> <span class='ocrx_word' id='word_1_171' title='bbox 1161 1168 1291 1216; x_wconf 85' lang='lat' dir='ltr'>gentis</span> <span class='ocrx_word' id='word_1_172' title='bbox 1322 1168 1448 1206; x_wconf 77' lang='lat' dir='ltr'>Iuliae</span> <span class='ocrx_word' id='word_1_173' title='bbox 1479 1169 1679 1219; x_wconf 65' lang='lat' dir='ltr'>principes</span> <span class='ocrx_word' id='word_1_174' title='bbox 1709 1159 1940 1208; x_wconf 84' lang='lat' dir='ltr'>consecrati.</span> 
     </span>
    </p>
   </div>
   <div class='ocr_carea' id='block_1_4' title="bbox 479 1269 1647 1310">
    <p class='ocr_par' dir='ltr' id='par_1_4' title="bbox 479 1269 1647 1310">
     <span class='ocr_line' id='line_1_16' title="bbox 479 1269 1647 1310; baseline 0.002 -2"><span class='ocrx_word' id='word_1_175' title='bbox 479 1272 748 1310; x_wconf 83' lang='lat' dir='ltr'>Immolabant</span> <span class='ocrx_word' id='word_1_176' title='bbox 776 1270 876 1308; x_wconf 88' lang='lat' dir='ltr'>enim</span> <span class='ocrx_word' id='word_1_177' title='bbox 903 1270 1076 1308; x_wconf 83' lang='lat' dir='ltr'>Arvales</span> <span class='ocrx_word' id='word_1_178' title='bbox 1105 1269 1206 1308; x_wconf 89' lang='lat' dir='ltr'>divis</span> <span class='ocrx_word' id='word_1_179' title='bbox 1234 1269 1296 1308; x_wconf 91' lang='lat' dir='ltr'>his</span> <span class='ocrx_word' id='word_1_180' title='bbox 1326 1270 1492 1309; x_wconf 89' lang='lat' dir='ltr'>victimis</span> <span class='ocrx_word' id='word_1_181' title='bbox 1520 1271 1647 1310; x_wconf 90' lang='lat' dir='ltr'>hisce:</span> 
     </span>
    </p>
   </div>
   <div class='ocr_carea' id='block_1_5' title="bbox 374 1357 2198 1410">
    <p class='ocr_par' dir='ltr' id='par_1_5' title="bbox 374 1357 2198 1410">
     <span class='ocr_line' id='line_1_17' title="bbox 374 1357 2198 1410; baseline -0.001 -10"><span class='ocrx_word' id='word_1_182' title='bbox 374 1358 458 1410; x_wconf 84' lang='lat'>[38]</span> <span class='ocrx_word' id='word_1_183' title='bbox 674 1360 686 1371; x_wconf 76' lang='lat'><strong>⁹</strong></span> <span class='ocrx_word' id='word_1_184' title='bbox 851 1359 1006 1399; x_wconf 78' lang='lat' dir='ltr'>eoecidit</span> <span class='ocrx_word' id='word_1_185' title='bbox 1043 1357 1183 1410; x_wconf 81' lang='lat' dir='ltr'>lapide</span> <span class='ocrx_word' id='word_1_186' title='bbox 1219 1357 1359 1409; x_wconf 82' lang='lat' dir='ltr'>fracto</span> <span class='ocrx_word' id='word_1_187' title='bbox 1392 1363 1429 1398; x_wconf 84' lang='lat' dir='ltr'>et</span> <span class='ocrx_word' id='word_1_188' title='bbox 1460 1358 1648 1399; x_wconf 78' lang='lat' dir='ltr'>divorum</span> <span class='ocrx_word' id='word_1_189' title='bbox 1679 1364 1716 1398; x_wconf 88' lang='lat' dir='ltr'>et</span> <span class='ocrx_word' id='word_1_190' title='bbox 1745 1359 2004 1399; x_wconf 78' lang='lat' dir='ltr'>victimarum</span> <span class='ocrx_word' id='word_1_191' title='bbox 2034 1359 2198 1408; x_wconf 73' lang='lat' dir='ltr'>mentio,</span> 
     </span>
    </p>
   </div>
   <div class='ocr_carea' id='block_1_6' title="bbox 372 1427 2197 1762">
    <p class='ocr_par' dir='ltr' id='par_1_6' title="bbox 898 1427 2197 1536">
     <span class='ocr_line' id='line_1_18' title="bbox 898 1427 2197 1480; baseline 0 -13"><span class='ocrx_word' id='word_1_192' title='bbox 898 1427 973 1467; x_wconf 83' lang='lat' dir='ltr'>sed</span> <span class='ocrx_word' id='word_1_193' title='bbox 1000 1431 1174 1479; x_wconf 83' lang='lat' dir='ltr'>propter</span> <span class='ocrx_word' id='word_1_194' title='bbox 1211 1431 1366 1478; x_wconf 86' lang='lat' dir='ltr'>tempus</span> <span class='ocrx_word' id='word_1_195' title='bbox 1405 1433 1565 1468; x_wconf 84' lang='lat' dir='ltr'>constat</span> <span class='ocrx_word' id='word_1_196' title='bbox 1602 1429 1681 1469; x_wconf 72' lang='lat' dir='ltr'>soli</span> <span class='ocrx_word' id='word_1_197' title='bbox 1713 1427 1809 1468; x_wconf 74' lang='lat' dir='ltr'>divo</span> <span class='ocrx_word' id='word_1_198' title='bbox 1832 1427 2025 1480; x_wconf 76' lang='lat' dir='ltr'>Auyusto</span> <span class='ocrx_word' id='word_1_199' title='bbox 2056 1427 2197 1468; x_wconf 77' lang='lat' dir='ltr'>immo-</span> 
     </span>
     <span class='ocr_line' id='line_1_19' title="bbox 907 1496 2102 1536; baseline -0.001 0"><span class='ocrx_word' id='word_1_200' title='bbox 907 1496 1034 1536; x_wconf 80' lang='lat' dir='ltr'>latum</span> <span class='ocrx_word' id='word_1_201' title='bbox 1065 1508 1165 1535; x_wconf 88' lang='lat' dir='ltr'>esse.</span> <span class='ocrx_word' id='word_1_202' title='bbox 2099 1505 2102 1508; x_wconf 72' lang='grc'>’</span> 
     </span>
    </p>

    <p class='ocr_par' dir='ltr' id='par_1_7' title="bbox 372 1561 2196 1686">
     <span class='ocr_line' id='line_1_20' title="bbox 372 1561 2196 1620; baseline 0.001 -16"><span class='ocrx_word' id='word_1_203' title='bbox 372 1562 427 1604; x_wconf 77' lang='lat'>58</span> <span class='ocrx_word' id='word_1_204' title='bbox 461 1561 544 1613; x_wconf 79' lang='lat'>[59]</span> <span class='ocrx_word' id='word_1_205' title='bbox 844 1562 944 1605; x_wconf 89' lang='lat' dir='ltr'>divo</span> <span class='ocrx_word' id='word_1_206' title='bbox 962 1563 1156 1616; x_wconf 81' lang='lat' dir='ltr'>Augusto</span> <span class='ocrx_word' id='word_1_207' title='bbox 1173 1562 1367 1617; x_wconf 85' lang='lat' dir='ltr'>b(0vem)</span> <span class='ocrx_word' id='word_1_208' title='bbox 1386 1576 1558 1619; x_wconf 83' lang='lat' dir='ltr'>marem,</span> <span class='ocrx_word' id='word_1_209' title='bbox 1582 1563 1709 1606; x_wconf 86' lang='lat' dir='ltr'>divae</span> <span class='ocrx_word' id='word_1_210' title='bbox 1731 1561 1990 1620; x_wconf 83' lang='lat' dir='ltr'>Aug(ustae)</span> <span class='ocrx_word' id='word_1_211' title='bbox 2006 1575 2196 1619; x_wconf 83' lang='lat' dir='ltr'>vaccam,</span> 
     </span>
     <span class='ocr_line' id='line_1_21' title="bbox 904 1630 1682 1686; baseline 0 -13"><span class='ocrx_word' id='word_1_212' title='bbox 904 1631 1003 1674; x_wconf 88' lang='lat' dir='ltr'>divo</span> <span class='ocrx_word' id='word_1_213' title='bbox 1036 1631 1216 1674; x_wconf 86' lang='lat' dir='ltr'>Claudio</span> <span class='ocrx_word' id='word_1_214' title='bbox 1247 1631 1437 1683; x_wconf 82' lang='lat' dir='ltr'>b(ovem)</span> <span class='ocrx_word' id='word_1_215' title='bbox 1467 1630 1682 1686; x_wconf 87' lang='lat' dir='ltr'>m(arem).</span> 
     </span>
    </p>

    <p class='ocr_par' dir='ltr' id='par_1_8' title="bbox 378 1698 2196 1762">
     <span class='ocr_line' id='line_1_22' title="bbox 378 1698 2196 1762; baseline 0.002 -22"><span class='ocrx_word' id='word_1_216' title='bbox 378 1699 461 1750; x_wconf 83' lang='lat'>[66]</span> <span class='ocrx_word' id='word_1_217' title='bbox 852 1707 895 1742; x_wconf 84' lang='lat' dir='ltr'>ut</span> <span class='ocrx_word' id='word_1_218' title='bbox 912 1715 1054 1755; x_wconf 84' lang='lat' dir='ltr'>supra,</span> <span class='ocrx_word' id='word_1_219' title='bbox 1072 1701 1147 1742; x_wconf 85' lang='lat' dir='ltr'>sed</span> <span class='ocrx_word' id='word_1_220' title='bbox 1163 1701 1365 1741; x_wconf 80' lang='lat' dir='ltr'>accedunt</span> <span class='ocrx_word' id='word_1_221' title='bbox 1384 1699 1527 1762; x_wconf 82' lang='lat' dir='ltr'>[divae</span> <span class='ocrx_word' id='word_1_222' title='bbox 1545 1699 1766 1753; x_wconf 82' lang='lat' dir='ltr'>Claudiae]</span> <span class='ocrx_word' id='word_1_223' title='bbox 1791 1700 1950 1755; x_wconf 84' lang='lat' dir='ltr'>virgini</span> <span class='ocrx_word' id='word_1_224' title='bbox 1966 1698 2196 1756; x_wconf 84' lang='lat' dir='ltr'>vacc(am)‚</span> 
     </span>
    </p>
   </div>
   <div class='ocr_carea' id='block_1_7' title="bbox 905 1767 1879 1824">
    <p class='ocr_par' dir='ltr' id='par_1_9' title="bbox 905 1767 1879 1824">
     <span class='ocr_line' id='line_1_23' title="bbox 905 1767 1879 1824; baseline 0 -13"><span class='ocrx_word' id='word_1_225' title='bbox 905 1769 1051 1822; x_wconf 86' lang='lat' dir='ltr'>div[ae</span> <span class='ocrx_word' id='word_1_226' title='bbox 1082 1770 1315 1824; x_wconf 80' lang='lat' dir='ltr'>Poppaeae</span> <span class='ocrx_word' id='word_1_227' title='bbox 1346 1767 1607 1824; x_wconf 81' lang='lat' dir='ltr'>Aug(ustae)</span> <span class='ocrx_word' id='word_1_228' title='bbox 1638 1771 1879 1822; x_wconf 85' lang='lat' dir='ltr'>vacc(am)].</span> 
     </span>
    </p>
   </div>
   <div class='ocr_carea' id='block_1_8' title="bbox 375 1846 2242 2576">
    <p class='ocr_par' dir='ltr' id='par_1_10' title="bbox 375 1846 2242 2400">
     <span class='ocr_line' id='line_1_24' title="bbox 481 1846 2199 1898; baseline 0 -12"><span class='ocrx_word' id='word_1_229' title='bbox 481 1848 542 1886; x_wconf 88' lang='lat' dir='ltr'>De</span> <span class='ocrx_word' id='word_1_230' title='bbox 586 1846 677 1885; x_wconf 80' lang='lat' dir='ltr'>diva</span> <span class='ocrx_word' id='word_1_231' title='bbox 705 1847 875 1886; x_wconf 86' lang='lat' dir='ltr'>Claudia</span> <span class='ocrx_word' id='word_1_232' title='bbox 908 1848 1061 1897; x_wconf 84' lang='lat' dir='ltr'>virgine</span> <span class='ocrx_word' id='word_1_233' title='bbox 1091 1847 1228 1887; x_wconf 88' lang='lat' dir='ltr'>scribit</span> <span class='ocrx_word' id='word_1_234' title='bbox 1256 1847 1422 1885; x_wconf 81' lang='lat' dir='ltr'>Tacitus</span> <span class='ocrx_word' id='word_1_235' title='bbox 1451 1847 1565 1896; x_wconf 73' lang='lat' dir='ltr'>(Anu.</span> <span class='ocrx_word' id='word_1_236' title='bbox 1590 1850 1648 1897; x_wconf 86' lang='lat'>15,</span> <span class='ocrx_word' id='word_1_237' title='bbox 1669 1848 1755 1897; x_wconf 83' lang='lat'>23):</span> <span class='ocrx_word' id='word_1_238' title='bbox 1797 1851 1969 1887; x_wconf 83' lang='lat' dir='ltr'>Memmio</span> <span class='ocrx_word' id='word_1_239' title='bbox 1996 1849 2137 1898; x_wconf 70' lang='lat' dir='ltr'>Requco</span> <span class='ocrx_word' id='word_1_240' title='bbox 2165 1854 2199 1886; x_wconf 90' lang='lat' dir='ltr'>et</span> 
     </span>
     <span class='ocr_line' id='line_1_25' title="bbox 385 1911 2197 1962; baseline 0 -14"><span class='ocrx_word' id='word_1_241' title='bbox 385 1911 560 1960; x_wconf 73' lang='lat' dir='ltr'>Veryim&#39;o</span> <span class='ocrx_word' id='word_1_242' title='bbox 590 1911 692 1960; x_wconf 82' lang='lat' dir='ltr'>Rufo</span> <span class='ocrx_word' id='word_1_243' title='bbox 722 1911 928 1949; x_wconf 80' lang='lat' dir='ltr'>consulibus</span> <span class='ocrx_word' id='word_1_244' title='bbox 956 1911 1005 1959; x_wconf 83' lang='lat' dir='ltr'>(a.</span> <span class='ocrx_word' id='word_1_245' title='bbox 1029 1911 1092 1960; x_wconf 88' lang='lat'>63)</span> <span class='ocrx_word' id='word_1_246' title='bbox 1121 1918 1247 1949; x_wconf 80' lang='lat' dir='ltr'>natam</span> <span class='ocrx_word' id='word_1_247' title='bbox 1276 1912 1344 1948; x_wconf 75' lang='lat' dir='ltr'>sibi</span> <span class='ocrx_word' id='word_1_248' title='bbox 1371 1924 1412 1948; x_wconf 66' lang='lat' dir='ltr'>ex</span> <span class='ocrx_word' id='word_1_249' title='bbox 1439 1911 1622 1961; x_wconf 79' lang='lat' dir='ltr'>Poppaea</span> <span class='ocrx_word' id='word_1_250' title='bbox 1639 1914 1760 1962; x_wconf 74' lang='lat' dir='ltr'>filiam</span> <span class='ocrx_word' id='word_1_251' title='bbox 1788 1913 1892 1950; x_wconf 85' lang='lat' dir='ltr'>Nero</span> <span class='ocrx_word' id='word_1_252' title='bbox 1918 1913 2019 1949; x_wconf 86' lang='lat' dir='ltr'>ultra</span> <span class='ocrx_word' id='word_1_253' title='bbox 2043 1911 2197 1949; x_wconf 80' lang='lat' dir='ltr'>mortale</span> 
     </span>
     <span class='ocr_line' id='line_1_26' title="bbox 377 1974 2195 2025; baseline 0.001 -16"><span class='ocrx_word' id='word_1_254' title='bbox 377 1974 554 2022; x_wconf 71' lang='lat' dir='ltr'>9audium</span> <span class='ocrx_word' id='word_1_255' title='bbox 583 1975 723 2021; x_wconf 75' lang='lat' dir='ltr'>accepit</span> <span class='ocrx_word' id='word_1_256' title='bbox 751 1974 1022 2023; x_wconf 75' lang='lat' dir='ltr'>appellavitque</span> <span class='ocrx_word' id='word_1_257' title='bbox 1049 1974 1256 2024; x_wconf 62' lang='lat' dir='ltr'>Augustam</span> <span class='ocrx_word' id='word_1_258' title='bbox 1283 1975 1369 2011; x_wconf 87' lang='lat' dir='ltr'>dato</span> <span class='ocrx_word' id='word_1_259' title='bbox 1399 1980 1430 2011; x_wconf 82' lang='lat' dir='ltr'>et</span> <span class='ocrx_word' id='word_1_260' title='bbox 1455 1974 1657 2023; x_wconf 76' lang='lat' dir='ltr'>Poppaeae</span> <span class='ocrx_word' id='word_1_261' title='bbox 1684 1977 1807 2013; x_wconf 83' lang='lat' dir='ltr'>eodem</span> <span class='ocrx_word' id='word_1_262' title='bbox 1834 1980 2066 2025; x_wconf 61' lang='lat' dir='ltr'>cognomento</span> <span class='ocrx_word' id='word_1_263' title='bbox 2091 2005 2098 2012; x_wconf 94' lang='lat'>.</span> <span class='ocrx_word' id='word_1_264' title='bbox 2123 2003 2130 2011; x_wconf 92' lang='lat'>.</span> <span class='ocrx_word' id='word_1_265' title='bbox 2155 2004 2163 2012; x_wconf 92' lang='lat'><strong><em>.</em></strong></span> <span class='ocrx_word' id='word_1_266' title='bbox 2186 2002 2195 2011; x_wconf 97' lang='lat'>.</span> 
     </span>
     <span class='ocr_line' id='line_1_27' title="bbox 376 2025 2242 2088; baseline 0.002 -17"><span class='ocrx_word' id='word_1_267' title='bbox 376 2037 461 2072; x_wconf 86' lang='lat' dir='ltr'>Iam</span> <span class='ocrx_word' id='word_1_268' title='bbox 487 2041 630 2072; x_wconf 75' lang='lat' dir='ltr'>senatus</span> <span class='ocrx_word' id='word_1_269' title='bbox 658 2041 796 2073; x_wconf 82' lang='lat' dir='ltr'>uterum</span> <span class='ocrx_word' id='word_1_270' title='bbox 828 2037 1028 2086; x_wconf 75' lang='lat' dir='ltr'>Poppaeae</span> <span class='ocrx_word' id='word_1_271' title='bbox 1063 2039 1379 2074; x_wconf 70' lang='lat' dir='ltr'>commendaverat</span> <span class='ocrx_word' id='word_1_272' title='bbox 1413 2038 1469 2074; x_wconf 71' lang='lat' dir='ltr'>dis</span> <span class='ocrx_word' id='word_1_273' title='bbox 1495 2044 1650 2086; x_wconf 78' lang='lat' dir='ltr'>votaque</span> <span class='ocrx_word' id='word_1_274' title='bbox 1680 2025 1824 2088; x_wconf 76' lang='lat' dir='ltr'>publice</span> <span class='ocrx_word' id='word_1_275' title='bbox 1850 2043 2078 2087; x_wconf 75' lang='lat' dir='ltr'>susceperat,</span> <span class='ocrx_word' id='word_1_276' title='bbox 2106 2049 2200 2086; x_wconf 82' lang='lat' dir='ltr'>quae</span> <span class='ocrx_word' id='word_1_277' title='bbox 2234 2030 2242 2036; x_wconf 52' lang='lat'><em>⁶</em></span> 
     </span>
     <span class='ocr_line' id='line_1_28' title="bbox 375 2098 2198 2150; baseline 0.001 -16"><span class='ocrx_word' id='word_1_278' title='bbox 375 2099 621 2147; x_wconf 68' lang='lat' dir='ltr'>multiplr&#39;cata</span> <span class='ocrx_word' id='word_1_279' title='bbox 663 2099 904 2147; x_wconf 69' lang='lat' dir='ltr'>exsolutoque.</span> <span class='ocrx_word' id='word_1_280' title='bbox 961 2098 1015 2135; x_wconf 82' lang='lat' dir='ltr'>Et</span> <span class='ocrx_word' id='word_1_281' title='bbox 1042 2100 1192 2136; x_wconf 77' lang='lat' dir='ltr'>additae</span> <span class='ocrx_word' id='word_1_282' title='bbox 1233 2100 1518 2148; x_wconf 74' lang='lat' dir='ltr'>supplicationes</span> <span class='ocrx_word' id='word_1_283' title='bbox 1545 2104 1611 2138; x_wconf 88' lang='lat' dir='ltr'>cet</span> <span class='ocrx_word' id='word_1_284' title='bbox 1615 2130 1751 2138; x_wconf 84' lang='lat'><strong>.....</strong></span> <span class='ocrx_word' id='word_1_285' title='bbox 1806 2099 1910 2144; x_wconf 79' lang='lat' dir='ltr'>Quae</span> <span class='ocrx_word' id='word_1_286' title='bbox 1939 2100 2049 2150; x_wconf 63' lang='lat' dir='ltr'>flam</span> <span class='ocrx_word' id='word_1_287' title='bbox 2075 2100 2198 2148; x_wconf 83' lang='lat' dir='ltr'>suere,</span> 
     </span>
     <span class='ocr_line' id='line_1_29' title="bbox 378 2151 2199 2211; baseline 0.001 -14"><span class='ocrx_word' id='word_1_288' title='bbox 378 2169 546 2210; x_wconf 78' lang='lat' dir='ltr'>quartum</span> <span class='ocrx_word' id='word_1_289' title='bbox 582 2163 682 2197; x_wconf 75' lang='lat' dir='ltr'>intra</span> <span class='ocrx_word' id='word_1_290' title='bbox 715 2174 866 2198; x_wconf 74' lang='lat' dir='ltr'>mensem</span> <span class='ocrx_word' id='word_1_291' title='bbox 899 2162 1072 2210; x_wconf 80' lang='lat' dir='ltr'>defuncta</span> <span class='ocrx_word' id='word_1_292' title='bbox 1111 2164 1260 2211; x_wconf 72' lang='lat' dir='ltr'>infante.</span> <span class='ocrx_word' id='word_1_293' title='bbox 1315 2162 1526 2211; x_wconf 74' lang='lat' dir='ltr'>Rursusque</span> <span class='ocrx_word' id='word_1_294' title='bbox 1555 2170 1700 2200; x_wconf 63' lang='lat' dir='ltr'>exortae</span> <span class='ocrx_word' id='word_1_295' title='bbox 1727 2163 1955 2199; x_wconf 77' lang='lat' dir='ltr'>adulationes</span> <span class='ocrx_word' id='word_1_296' title='bbox 1983 2151 2199 2199; x_wconf 79' lang='lat' dir='ltr'>censentium</span> 
     </span>
     <span class='ocr_line' id='line_1_30' title="bbox 376 2217 2198 2278; baseline 0.002 -19"><span class='ocrx_word' id='word_1_297' title='bbox 376 2225 549 2260; x_wconf 72' lang='lat' dir='ltr'>honorem</span> <span class='ocrx_word' id='word_1_298' title='bbox 584 2225 691 2260; x_wconf 73' lang='lat' dir='ltr'>diuae</span> <span class='ocrx_word' id='word_1_299' title='bbox 728 2230 760 2260; x_wconf 83' lang='lat' dir='ltr'>et</span> <span class='ocrx_word' id='word_1_300' title='bbox 790 2225 966 2273; x_wconf 74' lang='lat' dir='ltr'>puluinar</span> <span class='ocrx_word' id='word_1_301' title='bbox 1000 2217 1194 2272; x_wconf 69' lang='lat' dir='ltr'>aedemQue</span> <span class='ocrx_word' id='word_1_302' title='bbox 1230 2230 1264 2261; x_wconf 87' lang='lat' dir='ltr'>et</span> <span class='ocrx_word' id='word_1_303' title='bbox 1297 2226 1531 2263; x_wconf 84' lang='lat' dir='ltr'>sacerdotem.</span> <span class='ocrx_word' id='word_1_304' title='bbox 1591 2226 1653 2278; x_wconf 19' lang='lat' dir='ltr'>th.</span> <span class='ocrx_word' id='word_1_305' title='bbox 1685 2225 1827 2262; x_wconf 90' lang='lat' dir='ltr'>nummi</span> <span class='ocrx_word' id='word_1_306' title='bbox 1855 2223 1963 2274; x_wconf 80' lang='lat' dir='ltr'>apud</span> <span class='ocrx_word' id='word_1_307' title='bbox 1991 2222 2144 2263; x_wconf 83' lang='lat' dir='ltr'>Eckhel</span> <span class='ocrx_word' id='word_1_308' title='bbox 2174 2225 2198 2262; x_wconf 88' lang='lat'>6</span> 
     </span>
     <span class='ocr_line' id='line_1_31' title="bbox 376 2285 2198 2337; baseline 0.001 -15"><span class='ocrx_word' id='word_1_309' title='bbox 376 2297 414 2334; x_wconf 87' lang='lat' dir='ltr'>p.</span> <span class='ocrx_word' id='word_1_310' title='bbox 435 2285 522 2323; x_wconf 84' lang='lat'>237.</span> <span class='ocrx_word' id='word_1_311' title='bbox 549 2307 601 2312; x_wconf 89' lang='lat'>——-</span> <span class='ocrx_word' id='word_1_312' title='bbox 630 2286 828 2335; x_wconf 87' lang='lat' dir='ltr'>Poppaea</span> <span class='ocrx_word' id='word_1_313' title='bbox 857 2287 1029 2324; x_wconf 88' lang='lat' dir='ltr'>decessit</span> <span class='ocrx_word' id='word_1_314' title='bbox 1056 2298 1159 2324; x_wconf 83' lang='lat' dir='ltr'>anno</span> <span class='ocrx_word' id='word_1_315' title='bbox 1190 2288 1238 2325; x_wconf 89' lang='grc'>65</span> <span class='ocrx_word' id='word_1_316' title='bbox 1268 2286 1382 2336; x_wconf 85' lang='lat' dir='ltr'>(Tac.</span> <span class='ocrx_word' id='word_1_317' title='bbox 1414 2290 1509 2327; x_wconf 61' lang='lat' dir='ltr'>Arm.</span> <span class='ocrx_word' id='word_1_318' title='bbox 1537 2290 1596 2337; x_wconf 71' lang='lat'>1‘6,</span> <span class='ocrx_word' id='word_1_319' title='bbox 1618 2289 1678 2336; x_wconf 87' lang='lat'>6):</span> <span class='ocrx_word' id='word_1_320' title='bbox 1709 2287 1756 2325; x_wconf 90' lang='lat' dir='ltr'>de</span> <span class='ocrx_word' id='word_1_321' title='bbox 1786 2286 2087 2326; x_wconf 81' lang='lat' dir='ltr'>consecratione</span> <span class='ocrx_word' id='word_1_322' title='bbox 2116 2287 2198 2325; x_wconf 87' lang='lat' dir='ltr'>eius</span> 
     </span>
     <span class='ocr_line' id='line_1_32' title="bbox 381 2346 2078 2400; baseline 0.001 -15"><span class='ocrx_word' id='word_1_323' title='bbox 381 2347 428 2385; x_wconf 84' lang='lat' dir='ltr'>cs.</span> <span class='ocrx_word' id='word_1_324' title='bbox 461 2347 528 2385; x_wconf 86' lang='lat' dir='ltr'>Or.</span> <span class='ocrx_word' id='word_1_325' title='bbox 558 2346 627 2386; x_wconf 87' lang='lat'>731</span> <span class='ocrx_word' id='word_1_326' title='bbox 661 2354 700 2386; x_wconf 90' lang='lat' dir='ltr'>et</span> <span class='ocrx_word' id='word_1_327' title='bbox 728 2361 904 2387; x_wconf 87' lang='lat' dir='ltr'>nummus</span> <span class='ocrx_word' id='word_1_328' title='bbox 934 2349 1041 2399; x_wconf 87' lang='lat' dir='ltr'>apud</span> <span class='ocrx_word' id='word_1_329' title='bbox 1068 2347 1304 2388; x_wconf 81' lang='lat' dir='ltr'>Eckhelium</span> <span class='ocrx_word' id='word_1_330' title='bbox 1332 2350 1356 2387; x_wconf 89' lang='lat'>1.</span> <span class='ocrx_word' id='word_1_331' title='bbox 1377 2362 1410 2388; x_wconf 84' lang='lat' dir='ltr'>c.</span> <span class='ocrx_word' id='word_1_332' title='bbox 1439 2363 1476 2400; x_wconf 89' lang='lat' dir='ltr'>p.</span> <span class='ocrx_word' id='word_1_333' title='bbox 1497 2350 1584 2389; x_wconf 84' lang='lat'>287.</span> <span class='ocrx_word' id='word_1_334' title='bbox 1642 2350 1705 2389; x_wconf 89' lang='lat' dir='ltr'>Cf.</span> <span class='ocrx_word' id='word_1_335' title='bbox 1735 2351 1931 2388; x_wconf 75' lang='lat' dir='ltr'>Relazz&#39;one</span> <span class='ocrx_word' id='word_1_336' title='bbox 1957 2361 1996 2399; x_wconf 88' lang='lat' dir='ltr'>p.</span> <span class='ocrx_word' id='word_1_337' title='bbox 2016 2350 2078 2387; x_wconf 87' lang='lat'>21.</span> 
     </span>
    </p>

    <p class='ocr_par' dir='ltr' id='par_1_11' title="bbox 378 2411 2201 2576">
     <span class='ocr_line' id='line_1_33' title="bbox 483 2411 2199 2462; baseline 0.001 -15"><span class='ocrx_word' id='word_1_338' title='bbox 483 2411 697 2449; x_wconf 89' lang='lat' dir='ltr'>Desierunt</span> <span class='ocrx_word' id='word_1_339' title='bbox 726 2412 898 2450; x_wconf 86' lang='lat' dir='ltr'>Arvales</span> <span class='ocrx_word' id='word_1_340' title='bbox 933 2413 1133 2450; x_wconf 87' lang='lat' dir='ltr'>immolare</span> <span class='ocrx_word' id='word_1_341' title='bbox 1162 2412 1212 2449; x_wconf 91' lang='lat' dir='ltr'>ob</span> <span class='ocrx_word' id='word_1_342' title='bbox 1243 2413 1504 2462; x_wconf 76' lang='lat' dir='ltr'>August-alia,</span> <span class='ocrx_word' id='word_1_343' title='bbox 1542 2426 1625 2451; x_wconf 86' lang='lat' dir='ltr'>cum</span> <span class='ocrx_word' id='word_1_344' title='bbox 1656 2412 1818 2462; x_wconf 86' lang='lat' dir='ltr'>imperio</span> <span class='ocrx_word' id='word_1_345' title='bbox 1847 2412 1898 2450; x_wconf 86' lang='lat' dir='ltr'>ad</span> <span class='ocrx_word' id='word_1_346' title='bbox 1926 2417 2082 2462; x_wconf 85' lang='lat' dir='ltr'>gentem</span> <span class='ocrx_word' id='word_1_347' title='bbox 2109 2411 2199 2450; x_wconf 78' lang='lat' dir='ltr'>Fla-</span> 
     </span>
     <span class='ocr_line' id='line_1_34' title="bbox 378 2473 2201 2525; baseline 0.001 -15"><span class='ocrx_word' id='word_1_348' title='bbox 378 2473 482 2510; x_wconf 85' lang='lat' dir='ltr'>viam</span> <span class='ocrx_word' id='word_1_349' title='bbox 510 2474 706 2512; x_wconf 80' lang='lat' dir='ltr'>translato</span> <span class='ocrx_word' id='word_1_350' title='bbox 736 2474 867 2512; x_wconf 90' lang='lat' dir='ltr'>omnia</span> <span class='ocrx_word' id='word_1_351' title='bbox 894 2479 1103 2513; x_wconf 83' lang='lat' dir='ltr'>cessarunt</span> <span class='ocrx_word' id='word_1_352' title='bbox 1130 2487 1231 2525; x_wconf 83' lang='lat' dir='ltr'>quae</span> <span class='ocrx_word' id='word_1_353' title='bbox 1253 2480 1370 2514; x_wconf 85' lang='lat' dir='ltr'>antea</span> <span class='ocrx_word' id='word_1_354' title='bbox 1396 2475 1434 2513; x_wconf 89' lang='lat' dir='ltr'>in</span> <span class='ocrx_word' id='word_1_355' title='bbox 1454 2475 1640 2514; x_wconf 84' lang='lat' dir='ltr'>honorem</span> <span class='ocrx_word' id='word_1_356' title='bbox 1664 2476 1852 2514; x_wconf 78' lang='lat' dir='ltr'>Iuliorum</span> <span class='ocrx_word' id='word_1_357' title='bbox 1880 2479 1919 2514; x_wconf 90' lang='lat' dir='ltr'>et</span> <span class='ocrx_word' id='word_1_358' title='bbox 1947 2474 2201 2515; x_wconf 83' lang='lat' dir='ltr'>Claudiorum</span> 
     </span>
     <span class='ocr_line' id='line_1_35' title="bbox 383 2535 835 2576; baseline 0.009 -4"><span class='ocrx_word' id='word_1_359' title='bbox 383 2547 502 2574; x_wconf 79' lang='lat' dir='ltr'>sacra</span> <span class='ocrx_word' id='word_1_360' title='bbox 530 2535 613 2573; x_wconf 87' lang='lat' dir='ltr'>fieri</span> <span class='ocrx_word' id='word_1_361' title='bbox 642 2537 835 2576; x_wconf 81' lang='lat' dir='ltr'>solebant.</span> 
     </span>
    </p>
   </div>
   <div class='ocr_carea' id='block_1_9' title="bbox 1066 2657 1506 2700">
    <p class='ocr_par' dir='ltr' id='par_1_12' title="bbox 1066 2657 1506 2700">
     <span class='ocr_line' id='line_1_36' title="bbox 1066 2657 1506 2700; baseline -0.002 -1"><span class='ocrx_word' id='word_1_362' title='bbox 1066 2657 1105 2699; x_wconf 86' lang='lat'>3.</span> <span class='ocrx_word' id='word_1_363' title='bbox 1166 2657 1506 2700; x_wconf 87' lang='lat' dir='ltr'>Praesentes.</span> 
     </span>
    </p>
   </div>
   <div class='ocr_carea' id='block_1_10' title="bbox 481 2736 2200 2787">
    <p class='ocr_par' dir='ltr' id='par_1_13' title="bbox 481 2736 2200 2787">
     <span class='ocr_line' id='line_1_37' title="bbox 481 2736 2200 2787; baseline 0.001 -14"><span class='ocrx_word' id='word_1_364' title='bbox 481 2736 654 2774; x_wconf 82' lang='lat' dir='ltr'>Nomina</span> <span class='ocrx_word' id='word_1_365' title='bbox 682 2747 828 2784; x_wconf 82' lang='lat' dir='ltr'>corum,</span> <span class='ocrx_word' id='word_1_366' title='bbox 858 2737 924 2786; x_wconf 88' lang='lat' dir='ltr'>qui</span> <span class='ocrx_word' id='word_1_367' title='bbox 953 2737 1177 2786; x_wconf 83' lang='lat' dir='ltr'>adfuerunt,</span> <span class='ocrx_word' id='word_1_368' title='bbox 1204 2738 1336 2787; x_wconf 82' lang='lat' dir='ltr'>lapide</span> <span class='ocrx_word' id='word_1_369' title='bbox 1364 2739 1491 2776; x_wconf 82' lang='lat' dir='ltr'>fracto</span> <span class='ocrx_word' id='word_1_370' title='bbox 1521 2737 1651 2775; x_wconf 83' lang='lat' dir='ltr'>omnia</span> <span class='ocrx_word' id='word_1_371' title='bbox 1679 2737 1864 2775; x_wconf 83' lang='lat' dir='ltr'>deficiunt</span> <span class='ocrx_word' id='word_1_372' title='bbox 1882 2737 1920 2774; x_wconf 88' lang='lat' dir='ltr'>in</span> <span class='ocrx_word' id='word_1_373' title='bbox 1949 2737 2050 2776; x_wconf 83' lang='lat' dir='ltr'>actis</span> <span class='ocrx_word' id='word_1_374' title='bbox 2080 2749 2200 2776; x_wconf 80' lang='lat' dir='ltr'>anno-</span> 
     </span>
    </p>
   </div>
   <div class='ocr_carea' id='block_1_11' title="bbox 380 2800 2200 2901">
    <p class='ocr_par' dir='ltr' id='par_1_14' title="bbox 380 2800 2200 2901">
     <span class='ocr_line' id='line_1_38' title="bbox 380 2800 2200 2850; baseline 0.003 -15"><span class='ocrx_word' id='word_1_375' title='bbox 380 2810 463 2835; x_wconf 91' lang='lat' dir='ltr'>rum</span> <span class='ocrx_word' id='word_1_376' title='bbox 492 2800 540 2836; x_wconf 85' lang='lat'>38</span> <span class='ocrx_word' id='word_1_377' title='bbox 569 2803 608 2837; x_wconf 91' lang='lat' dir='ltr'>et</span> <span class='ocrx_word' id='word_1_378' title='bbox 635 2801 700 2846; x_wconf 77' lang='grc'>66,</span> <span class='ocrx_word' id='word_1_379' title='bbox 731 2811 779 2836; x_wconf 86' lang='lat' dir='ltr'>ex</span> <span class='ocrx_word' id='word_1_380' title='bbox 807 2805 919 2848; x_wconf 85' lang='lat' dir='ltr'>parte</span> <span class='ocrx_word' id='word_1_381' title='bbox 947 2800 986 2837; x_wconf 91' lang='lat' dir='ltr'>in</span> <span class='ocrx_word' id='word_1_382' title='bbox 1015 2801 1115 2839; x_wconf 84' lang='lat' dir='ltr'>actis</span> <span class='ocrx_word' id='word_1_383' title='bbox 1146 2801 1238 2839; x_wconf 83' lang='lat' dir='ltr'>anni</span> <span class='ocrx_word' id='word_1_384' title='bbox 1264 2803 1324 2840; x_wconf 85' lang='lat'>59.</span> <span class='ocrx_word' id='word_1_385' title='bbox 1380 2802 1519 2840; x_wconf 88' lang='lat' dir='ltr'>Verba</span> <span class='ocrx_word' id='word_1_386' title='bbox 1547 2812 1648 2850; x_wconf 79' lang='lat' dir='ltr'>quae</span> <span class='ocrx_word' id='word_1_387' title='bbox 1679 2800 1997 2850; x_wconf 80' lang='lat' dir='ltr'>praecedebant,</span> <span class='ocrx_word' id='word_1_388' title='bbox 2020 2800 2072 2838; x_wconf 67' lang='lat' dir='ltr'>&#39;in</span> <span class='ocrx_word' id='word_1_389' title='bbox 2103 2800 2200 2840; x_wconf 85' lang='lat' dir='ltr'>solis</span> 
     </span>
     <span class='ocr_line' id='line_1_39' title="bbox 381 2861 1087 2901; baseline 0.003 -3"><span class='ocrx_word' id='word_1_390' title='bbox 381 2861 481 2899; x_wconf 80' lang='lat' dir='ltr'>actis</span> <span class='ocrx_word' id='word_1_391' title='bbox 510 2862 600 2900; x_wconf 86' lang='lat' dir='ltr'>anni</span> <span class='ocrx_word' id='word_1_392' title='bbox 628 2863 676 2900; x_wconf 88' lang='grc'>58</span> <span class='ocrx_word' id='word_1_393' title='bbox 705 2867 864 2901; x_wconf 87' lang='lat' dir='ltr'>servata</span> <span class='ocrx_word' id='word_1_394' title='bbox 892 2867 984 2901; x_wconf 86' lang='lat' dir='ltr'>sunt</span> <span class='ocrx_word' id='word_1_395' title='bbox 1012 2863 1087 2901; x_wconf 89' lang='lat' dir='ltr'>sic:</span> 
     </span>
    </p>
   </div>
   <div class='ocr_carea' id='block_1_12' title="bbox 853 2937 1386 2991">
    <p class='ocr_par' dir='ltr' id='par_1_15' title="bbox 853 2937 1386 2991">
     <span class='ocr_line' id='line_1_40' title="bbox 853 2937 1386 2991; baseline 0.002 -12"><span class='ocrx_word' id='word_1_396' title='bbox 853 2937 898 2979; x_wconf 90' lang='lat' dir='ltr'>in</span> <span class='ocrx_word' id='word_1_397' title='bbox 931 2937 1112 2991; x_wconf 82' lang='lat' dir='ltr'>collegio</span> <span class='ocrx_word' id='word_1_398' title='bbox 1147 2937 1386 2980; x_wconf 81' lang='lat' dir='ltr'>adfuerunt.</span> 
     </span>
    </p>
   </div>
   <div class='ocr_carea' id='block_1_13' title="bbox 2197 0 2340 3658">
    <p class='ocr_par' dir='ltr' id='par_1_16' title="bbox 2197 0 2340 3658">
     <span class='ocr_line' id='line_1_41' title="bbox 2197 0 2340 3658; baseline 0 0"><span class='ocrx_word' id='word_1_399' title='bbox 2197 0 2340 3658; x_wconf 95' lang='lat' dir='ltr'> </span> 
     </span>
    </p>
   </div>
  </div>
 </body>
</html>
