2340 3658
381 189 431 230 16
1104 185 1208 221 Sacri
1235 185 1327 221 deae
1353 185 1448 222 Diae

380 303 432 342 ad
451 315 559 342 aram
577 302 835 342 referentibus
850 307 1010 354 praesto
1020 306 1131 341 erant
1144 301 1307 352 publici,
1328 301 1531 352 dequibus
1548 301 1634 340 vide
1650 300 1878 340 Exordium.
1906 301 2062 340 Deinde
2077 314 2182 342 more

381 366 621 405 Graecorum
641 367 707 416 (cf.
727 366 869 405 Marini
896 379 934 416 p.
955 366 1049 413 5733
1078 365 1317 415 Marquardt
1344 366 1366 404 l.
1389 377 1420 404 c.
1440 378 1478 415 p.
1500 363 1590 416 341)
1611 368 1812 413 unguenta
1829 368 1868 402 et
1882 376 2047 403 coronas
2068 377 2180 405 acce-

375 434 518 478 perunt
536 429 759 468 convivales
781 430 830 479 (a.
851 430 953 478 241),
981 429 1273 478 pulmentaque,
1303 428 1456 466 sirecte
1475 428 1624 466 hiatum
1643 426 1896 481 explevimUS,
1929 427 1967 465 in
1987 429 2182 467 manteliis

379 492 639 541 contigerunt.
677 492 876 531 Mantelia
890 503 1058 541 mappae
1075 494 1175 534 sunt,
1199 484 1341 540 quibus
1356 502 1494 529 manus
1510 494 1717 539 terguntur
1743 494 1824 527 tam
1849 489 1888 527 in
1916 491 2038 530 sacris
2065 503 2183 542 quam

378 566 403 593 a
430 555 678 593 vescentibus
711 554 775 605 (cf.
806 554 935 592 Varro
963 555 987 593 l.
1007 555 1032 592 l.
1062 556 1097 602 6,
1118 555 1192 601 853
1223 553 1385 592 Servius
1406 554 1457 590 ad
1478 553 1612 603 Georq.
1632 554 1669 600 4,
1691 551 1786 600 3763
1814 552 1932 602 plura
1948 553 2056 603 apud
2073 553 2182 592 Mar-

381 617 522 667 quardt
548 618 571 655 l.
592 630 624 655 c.
653 619 799 667 p.321,
822 618 918 655 1986
952 622 991 656 et
1024 617 1228 655 Marinium
1263 629 1301 667 p.
1322 615 1435 664 574),
1469 616 1595 667 iisque
1630 627 1715 654 cum
1751 619 1954 653 uterentur
1994 617 2184 656 convivae

380 681 494 719 etiam
523 681 573 718 ad
592 681 837 730 asportanda
857 680 1011 717 domum
1031 675 1278 731 ἀποφόρητα
1299 679 1403 717 dono
1424 679 1537 728 data,
1566 679 1602 717 in
1623 678 1813 717 conviviis
1828 679 1998 716 mantele
2020 679 2184 718 alterum

383 744 433 781 ab
461 743 617 793 hospite
647 743 731 782 dari
760 744 926 791 solebat,
956 744 1120 782 alterum
1151 755 1173 780 a
1200 741 1367 780 conviva
1395 742 1522 780 afferri
1552 742 1616 791 (cf.
1648 742 1886 792 Marquardt
1912 741 1935 780 1.
1958 753 1991 781 c.
2020 753 2058 792 p.
2077 742 2180 792 322).

383 807 500 854 Quod
528 812 657 845 autem
677 807 872 845 manteliis
894 807 955 844 vel
978 806 1015 844 in
1036 806 1229 844 manteliis
1257 806 1458 854 pulmenta
1484 804 1536 855 (ἲ)
1565 805 1746 843 dicuntur
1765 805 1981 854 contigisse
2001 805 2186 855 Arvales,

379 869 419 907 id
449 869 626 908 similiter
654 870 808 907 videtur
835 869 1108 919 accipiendum
1136 880 1223 907 esse
1253 868 1300 906 de
1330 868 1452 906 sacris
1473 869 1648 918 pultibus
1671 868 1824 906 domum
1853 868 1993 907 missis.
2012 889 2064 897 --
2084 867 2188 907 Tum

380 944 553 970 mensam
584 933 794 971 secundam
817 933 1065 971 bellariorum
1087 932 1251 971 divisam
1273 943 1359 970 esse
1387 931 1439 981 (a.
1460 933 1547 980 218,
1576 932 1623 970 cf.
1653 932 1677 969 l.
1698 943 1730 970 o.
1758 944 1797 981 p.
1819 930 1910 980 337)
1938 931 2037 970 actis
2058 943 2091 970 a.
2111 931 2184 970 241

379 996 634 1045 significatur,
652 1008 737 1035 cum
753 1008 920 1034 coronas
938 997 1142 1046 accepisse
1158 996 1301 1038 fratres
1319 994 1516 1042 dicuntur-3
1534 994 1674 1033 deinde
1691 995 1893 1045 sportulae
1910 994 2071 1034 divisae*
2084 999 2187 1044 sunt,

378 1071 475 1109 quas
504 1071 589 1097 cum
618 1059 773 1097 coronis
803 1059 940 1097 domos
970 1071 1059 1098 suas
1081 1060 1276 1097 miserunt.
1314 1058 1495 1108 Denique
1516 1058 1554 1096 in
1583 1059 1681 1096 actis
1701 1070 1734 1096 a.
1751 1059 1825 1096 218
1854 1063 2036 1097 narratur
2056 1069 2187 1096 rosam

378 1123 546 1160 solutam
573 1134 642 1160 eos
672 1122 868 1171 divisisse,
896 1127 939 1160 ut
966 1122 1028 1160 die
1057 1135 1211 1173 quoque
1241 1123 1364 1160 altero
1392 1122 1431 1158 in
1459 1122 1549 1159 luco
1576 1121 1658 1159 fieri
1686 1121 1856 1169 solebat3
1893 1133 1971 1171 quo
1998 1121 2106 1160 facto
2132 1120 2187 1158 fe-

377 1185 470 1223 licia
498 1185 682 1224 dixerunt
720 1186 936 1235 domosque
966 1198 1081 1234 suas,
1117 1190 1161 1224 ut
1187 1185 1353 1233 videtur,
1382 1184 1658 1223 discesserunt.
1688 1207 1736 1213 -—-
1764 1185 1824 1224 De
1853 1184 2042 1235 sportulis
2069 1183 2185 1223 colle·

377 1248 528 1297 giorum
555 1249 714 1286 uberius
749 1250 832 1298 egit
868 1250 1136 1287 Mommsenus
1171 1250 1231 1298 (cle
1259 1249 1418 1297 colleyiis
1445 1260 1481 1297 p.
1507 1249 1578 1286 109
1595 1247 1747 1298 seqq.),
1781 1247 1869 1297 qui,
1905 1259 1992 1286 cum
2028 1246 2188 1298 proprie

377 1312 579 1361 sportulae
608 1311 747 1350 fiscelli
774 1318 919 1361 essent,
949 1313 1092 1362 quibus
1113 1311 1282 1362 populus
1304 1311 1428 1361 dapes
1450 1311 1489 1348 in
1511 1311 1680 1360 publicis
1700 1309 2027 1349 viscerationibus
2049 1321 2188 1360 accep-

377 1379 439 1413 tas
468 1374 638 1413 condere
667 1375 901 1425 domumque
942 1376 1087 1413 referre
1128 1376 1306 1421 solebat,
1349 1374 1541 1412 translate
1578 1385 1752 1411 nummos
1787 1373 1844 1411 ita
1878 1373 1955 1412 dici
1983 1373 2190 1412 affirmavit

378 1449 450 1487 pro
477 1438 662 1476 carnibus
707 1439 843 1486 datos3
886 1439 1073 1487 sportulis
1116 1438 1219 1476 enim
1255 1450 1451 1487 nunquam
1494 1436 1684 1475 contineri
1717 1448 1859 1486 panem
1898 1443 1938 1475 et
1963 1436 2093 1475 vinum
2121 1437 2188 1487 (cf.

378 1502 444 1540 Or.
474 1503 585 1540 2385.
614 1501 748 1552 2417),
784 1514 938 1551 semper
967 1507 1095 1539 autem
1124 1514 1196 1551 pro
1225 1514 1323 1539 cena
1350 1513 1416 1539 eas
1446 1512 1554 1548 esse,
1583 1511 1659 1537 non
1686 1504 1846 1549 praeter
1873 1511 2008 1538 cenam
2039 1499 2125 1539 dari
2141 1500 2189 1550 ¹):

379 1565 468 1603 ideo
507 1564 700 1602 interdum
744 1565 830 1603 dari
872 1565 989 1603 etiam
1020 1576 1158 1603 cenam
1189 1566 1248 1604 vel
1280 1566 1482 1615 sportulas
1512 1563 1596 1615 (Or.
1614 1562 1744 1613 2417).
1777 1560 1893 1602 ‘Cum
1915 1568 2046 1602 autem
2075 1563 2103 1602 ii
2122 1564 2188 1615 qui

379 1628 492 1666 simul
519 1627 643 1666 lautia
673 1633 923 1677 acceperant,
955 1629 1212 1666 communiter
1238 1628 1285 1666 iis
1315 1628 1388 1665 frui
1417 1627 1645 1678 epularique
1674 1632 1875 1676 cuperent,
1903 1627 2049 1666 factum
2069 1632 2191 1667 estut

377 1691 519 1741 aliquis
548 1703 596 1728 ex
626 1691 794 1740 collegio
824 1692 905 1729 sive
934 1692 967 1729 is
998 1692 1063 1741 qui
1092 1692 1258 1730 dederat
1286 1692 1367 1730 sive
1396 1691 1508 1739 alius,
1538 1690 1570 1728 si
1598 1691 1675 1729 cibi
1704 1690 1905 1729 distributi
1925 1696 2049 1740 erant,
2078 1691 2189 1730 cibos

377 1755 546 1792 omnium
573 1759 745 1804 pararet,
775 1755 806 1793 si
836 1755 975 1792 nummi
1002 1767 1073 1805 pro
1095 1755 1279 1805 dapibuS,
1309 1754 1486 1803 acceptis
1505 1754 1552 1792 iis
1573 1755 1728 1804 epulum
1743 1754 1967 1804 instrueret,
1994 1766 2067 1805 pro
2086 1766 2189 1806 pane

375 1818 464 1855 vino
495 1822 623 1855 autem
650 1817 811 1867 insuper
851 1818 1046 1856 modicam
1082 1819 1289 1869 pecuniam
1326 1818 1545 1867 acciperet,
1583 1817 1656 1856 nisi
1691 1829 1737 1855 eo
1771 1817 2049 1856 liberalitatem
2077 1829 2188 1856 suam

377 1880 678 1928 demonstraret,
708 1881 814 1930 quod
835 1893 977 1930 panem
1005 1882 1135 1920 vinum
1156 1882 1346 1921 adiiceret
1366 1875 1603 1929 gratuitum'.
1645 1880 1788 1930 Itaque
1807 1880 2012 1920 Arvalium
2032 1892 2188 1931 quoque

377 1943 576 1993 sportulas
604 1943 876 1982 Mommsenus
899 1945 1036 1984 statuit
1056 1945 1166 1995 apud
1193 1944 1424 1994 magistrum
1442 1943 1692 1993 remansisse,
1720 1944 1759 1982 in
1781 1943 1890 1982 cuius
1911 1943 2026 1982 domo
2046 1944 2188 1983 fratres

376 2007 638 2055 cenavissent,
666 2007 785 2057 idque
814 2007 1037 2046 confirmari
1065 2020 1131 2057 eo,
1170 2007 1277 2058 quod
1312 2007 1575 2057 sportularum
1614 2010 1653 2044 et
1678 2008 1944 2057 impensarum
1972 2007 2110 2046 eadem
2138 2009 2190 2047 sit

376 2081 535 2108 summa.
593 2069 710 2118 Quod
745 2071 961 2110 ostendunt
993 2076 1085 2110 acta
1122 2071 1198 2109 diei
1233 2070 1337 2109 tertii
1376 2083 1410 2108 a.
1431 2071 1524 2119 218,
1562 2071 1704 2121 quibus
1742 2071 1886 2120 singuli
1921 2075 1962 2110 et
1990 2066 2188 2122 sportulas

376 2132 558 2171 dicuntur
600 2134 802 2183 accepisse
847 2134 1031 2173 denarios
1073 2136 1261 2172 centenos
1300 2139 1342 2189 vet
1384 2134 1589 2173 cenavisse
1633 2134 1771 2172 diebus
1814 2133 1978 2184 singulis
2017 2133 2187 2174 denariis

374 2196 547 2235 totidem.
605 2195 711 2234 Sane
748 2197 840 2246 quin
874 2202 981 2235 recte
1020 2196 1205 2235 iudicarit
1241 2197 1507 2236 Mommsenus
1537 2197 1707 2237 dubitari
1734 2209 1812 2235 non
1839 2201 1991 2247 potest,
2034 2209 2122 2236 cum
2148 2198 2189 2236 in

375 2261 476 2298 actis
505 2259 700 2297 nonnullis
735 2259 905 2297 Arvales
942 2259 1124 2298 dicantur
1159 2271 1324 2299 cenasse
1360 2262 1533 2310 sportulis
1568 2263 1714 2298 denaris
1750 2263 1902 2298 centenis
1929 2259 1987 2311 (a.
2010 2261 2102 2309 105;
2137 2261 2188 2300 cf.

378 2327 469 2362 acta
510 2323 585 2360 diei
624 2323 728 2361 tertii
769 2334 957 2360 annorum
998 2323 1173 2361 eiusdem
1208 2328 1247 2361 et
1278 2324 1592 2375 118.120.183).
1651 2323 1754 2372 Quid
1795 2323 1902 2374 quod
1943 2323 2061 2362 etiam
2101 2335 2188 2363 eum

375 2387 546 2425 Arvales
574 2386 614 2424 in
640 2387 730 2424 luco
760 2386 1040 2436 epulabantur,
1078 2391 1308 2425 constanter
1344 2387 1526 2425 dicuntur
1562 2388 1612 2425 ad
1649 2387 1881 2436 magistrum
1909 2387 2056 2437 epulati
2083 2399 2186 2435 esse,

376 2455 419 2489 ut
445 2450 544 2488 haec
572 2450 694 2487 verba
722 2455 918 2499 appareat
946 2462 1022 2488 non
1051 2450 1318 2499 intellegenda
1344 2462 1432 2489 esse
1461 2450 1509 2488 de
1538 2451 1652 2489 domo
1682 2450 1784 2499 eius,
1821 2450 1894 2488 sed
1921 2450 1969 2489 de
1996 2450 2187 2501 impensa.

376 2514 439 2562 (cf.
467 2512 704 2563 Marquardt
730 2513 754 2550 l.
778 2526 809 2550 c.
838 2525 874 2562 p.
896 2514 971 2551 216
988 2513 1128 2563 seqq).
1158 2536 1206 2540 —
1234 2515 1354 2551 Anno
1380 2514 1455 2552 218
1493 2515 1691 2564 sportulas
1721 2517 1962 2564 acceperunt
1987 2515 2190 2552 sacerdotes

375 2579 607 2626 imperatoris
636 2578 792 2625 Auyusti
814 2583 848 2630 *el
877 2579 982 2613 cetere?
1008 2578 1212 2614 sacerdotes
1240 2580 1301 2627 qui
1327 2590 1443 2627 supra
1469 2580 1598 2627 scripti
1623 2585 1712 2615 sunt.
1767 2577 1825 2615 Et
1849 2577 1889 2614 hi
1916 2569 2074 2627 quidem
2101 2588 2186 2615 cum

376 2639 453 2690 ipsi
482 2640 652 2678 Arvales
681 2639 769 2687 sint,
798 2651 962 2688 quorum
990 2640 1149 2678 nomina
1175 2645 1267 2690 post
1294 2641 1458 2690 primum
1489 2644 1664 2678 actorum
1692 2644 1812 2690 caput
1826 2638 1993 2678 vidimus
2014 2638 2188 2678 indicata

377 2714 478 2751 esse,
506 2702 560 2740 illi
592 2702 658 2752 qui
687 2702 830 2740 fuerint
867 2703 993 2740 minus
1030 2703 1163 2753 liquet.
1221 2703 1415 2741 Marinius
1459 2703 1513 2754 (p.
1535 2703 1626 2753 581)
1668 2713 1767 2752 quos
1811 2702 1925 2740 affert
1955 2702 2185 2742 sacerdotes

378 2765 516 2803 domus
544 2766 770 2814 Augustae,
800 2765 872 2804 nisi
903 2766 1157 2816 municipales
1181 2771 1282 2816 sunt,
1311 2773 1352 2805 ut
1382 2765 1494 2805 Grut.
1524 2767 1586 2815 66,
1606 2767 1628 2803 3
1657 2771 1697 2804 et
1727 2767 1813 2815 101,
1833 2767 1869 2815 3,
1897 2765 1951 2805 ad
1977 2765 2186 2816 collegium

377 2829 585 2879 pertinent,
617 2829 725 2867 cuius
756 2828 851 2867 socii
880 2841 927 2867 ex
949 2835 1061 2879 parte
1082 2834 1188 2868 certe
1208 2830 1411 2867 libertinos
1440 2829 1560 2867 fuisse
1589 2827 1748 2867 Graeca
1767 2829 2038 2867 nonnullorum
2058 2833 2186 2867 osten-

379 2892 476 2930 dunt
503 2892 661 2931 nomina
689 2891 818 2942 (Grut.
848 2893 936 2941 302,
957 2891 997 2942 2)
1032 2905 1157 2943 neque
1185 2899 1350 2943 propter
1377 2893 1553 2942 glossam
1581 2905 1605 2930 a
1633 2892 1803 2931 Marinio
1831 2892 1990 2931 allatam
2019 2891 2186 2931 auctori-

379 2955 472 2994 tatis
500 2967 638 3006 parum
668 2955 813 3004 firmae,
843 2967 943 3005 quae
974 2954 1103 2994 Salios
1132 2957 1313 3006 appellat
1341 2953 1470 3006 ἱερέας
1501 2953 1736 3005 Καίσαρος,
1763 2956 1844 2993 iure
1873 2966 1945 3005 pro
1972 2953 2090 2994 Saliis
2118 2954 2186 2994 ha-

475 3157 498 3200 ¹)
526 3156 749 3192 Observavit
766 3159 887 3191 tamen
905 3167 1019 3202 nuper
1034 3156 1247 3193 Boisserius
1317 3159 1434 3192 raires
1460 3169 1494 3204 p.
1515 3158 1623 3200 13,1‚
1663 3158 1791 3192 extruit
1832 3158 1876 3191 de
1912 3136 1947 3190 la
1984 3156 2102 3190 Revue
2127 3167 2185 3189 ar-

379 3226 634 3260 nonnunquam
654 3219 802 3262 praeter
818 3214 1012 3261 pecuniam
1028 3215 1139 3250 etiam
1158 3227 1245 3261 epu·
1319 3217 1457 3259 ebdom,
1488 3216 1591 3251 cuius
1620 3215 1675 3251 rei
1705 3214 1873 3261 exempla
1907 3213 2032 3249 attulit
2056 3212 2186 3250 titulos

380 3274 452 3309 lum
479 3273 557 3309 dari
585 3275 703 3317 (dende
722 3287 782 3308 sur
800 3274 966 3318 quelques
985 3274 1245 3320 colleyessune‘-
1319 3275 1599 3310 Henzenianum
1627 3275 1719 3310 7190
1745 3276 1783 3309 et
1807 3272 1835 3307 1.
1862 3271 1908 3309 N.
1936 3273 2014 3308 190.
