2340 3658
893 136 1103 172 Antoninus
1128 134 1257 171 Severi
1280 135 1324 171 F.
1937 148 2003 175 clc

211 824 644 834 ...........
674 794 720 834 iu
740 792 944 845 Capitolio
976 797 1071 832 ante
1099 792 1244 833 cellam
1262 792 1432 832 lunonis
1461 793 1631 845 reyinae
1657 793 1813 845 fratres
1833 791 2007 833 Arvales

265 866 538 902 convenerunt
557 861 927 902 et.immolaverunt
942 873 1019 913 per
1039 859 1083 900 C'.
1104 860 1332 913 Sulpicium
1350 861 1575 901 Pollionem
1593 862 1955 914 promaqsistrum)
1964 861 2008 915 ¹),

264 930 374 983 quod
401 930 591 971 dominus
619 935 759 970 noster
786 930 1053 981 impscrator)
1085 928 1280 977 Caesar)
1302 929 1355 970 M.
1376 929 1588 970 Aur-euius
1606 928 1718 971 Anto
1731 928 1887 983 ²)ninus
1911 931 2008 983 pius

262 998 369 1050 seli-‘v
396 998 644 1052 Auqsustus)
674 1004 737 1039 cet
738 1029 1086 1039 .........

1118 1029 1128 1038 .
1161 1028 1171 1038 .
1203 1028 1213 1037 .
1249 997 1342 1037 1ουί
1369 999 1566 1050 υζρίἱηιο)
1595 999 1817 1048 msa-vineo)
1848 1005 1921 1040 cet.
1953 1029 1963 1039 .
1995 1030 2006 1040 .

265 1097 277 1107 .
306 1098 318 1108 .
348 1099 360 1108 .
391 1098 401 1108 .
430 1065 676 1121 reficiam)
705 1065 965 1121 Augustae)
1000 1064 1192 1120 Movem)
1227 1064 1471 1120 remmam)
1508 1071 1570 1106 cet
1571 1096 2003 1110 ...........

264 1202 306 1244 G.
345 1203 555 1257 Sulpicius
582 1204 715 1246 Pollio
741 1204 1077 1258 promaqsister)‚

1602 1131 1627 1197 Ι.
1660 1166 1670 1175 .
1702 1166 1712 1176 .
1745 1167 1754 1175 .
1784 1135 2007 1188 adfuerunt

1110 1233 1417 1244 ........
1453 1201 1716 1258 Agrippinus
1724 1235 1735 1257 ‚
1779 1203 1826 1245 P.
1861 1202 2007 1246 Aelius

651 1271 874 1339 'Coeranus
900 1274 1079 1323 invisior)
1107 1276 1181 1311 cet.
1226 1302 2002 1315 ...................

205 1395 429 1441 Fragmenta
446 1411 470 1432 a
486 1402 526 1433 et
541 1399 561 1432 b
578 1398 663 1434 olim
681 1399 779 1445 apud
796 1399 967 1435 Ursinum
987 1398 1099 1433 VRS.
1126 1399 1258 1443 postea
1282 1409 1305 1430 a
1321 1396 1472 1431 Velitris
1498 1396 1534 1431 in
1554 1406 1682 1433 museo
1706 1397 1905 1443 Borgiano,
1930 1399 1951 1432 l>
1967 1398 2004 1433 in

290 1453 448 1491 aedibus
471 1455 662 1492 Farnesiis
686 1456 809 1492 MAB.
834 1468 930 1493 nuuc
955 1456 1063 1491 ambo
1087 1456 1125 1490 in
1148 1465 1275 1490 museo
1300 1454 1547 1501 Neapolitano
1571 1454 1767 1491 MOMMS.
1791 1455 1923 1492 FIOR.

783 1516 786 1518 ’
817 1515 985 1550 Litterae
1010 1514 1108 1548 altae
1132 1512 1219 1549 mill.
1244 1514 1267 1549 6
1287 1533 1323 1536 -
1338 1514 1392 1549 10.

295 1582 490 1630 Descripsi
508 1596 554 1620 ex
571 1585 716 1631 ectypis
733 1584 951 1620 chartaceis.
977 1583 1067 1619 Edi-

205 1639 335 1675 derunt
370 1641 527 1678 Ursinus
564 1643 611 1678 ad
654 1643 786 1678 Oaton.
828 1647 897 1678 cet.
927 1655 962 1689 p.
986 1644 1068 1684 223,

206 1699 268 1740 17;
307 1700 390 1742 222,
426 1701 470 1737 15
510 1700 612 1744 (inde
649 1702 754 1738 Grut.
786 1703 864 1745 122,
903 1703 927 1737 3
951 1704 991 1736 et
1014 1703 1068 1743 133

202 1757 335 1793 Marini
370 1758 473 1793 tabb.
506 1758 714 1795 XXXVIII
752 1763 791 1796 et
819 1760 1067 1802 XXXVIIII;

202 1815 370 1862 inscript.
411 1819 484 1853 vet.
521 1827 611 1852 mus.
646 1817 760 1853 Borb.
803 1817 937 1864 (Neap.
962 1819 1066 1863 1857)

201 1874 222 1909 Ι
237 1885 271 1909 n.
291 1875 369 1911 122.
388 1876 479 1918 123;
505 1875 659 1910 Fiorelli
683 1877 786 1910 catal.
806 1877 851 1912 69
869 1880 907 1911 et
931 1877 985 1913 70.
1011 1876 1067 1913 Cf.

201 1931 406 1971 Momm-n
434 1932 465 1967 l.
489 1934 535 1968 N.
561 1945 599 1980 p.
624 1934 744 1970 XXII.

294 1991 553 2037 Fragmentum
577 2005 602 2027 a
624 2002 815 2039 perperam
837 1992 948 2028 tribui
971 2003 1067 2027 anno

201 2050 271 2086 213
310 2049 373 2091 (cf.
411 2050 598 2085 Rezazionc
631 2062 669 2097 p.
706 2051 785 2093 ⁷7);
830 2062 914 2086 nam
952 2051 1069 2086 forma

201 2107 406 2144 litterarum
428 2112 504 2143 tam
530 2109 661 2144 similis
686 2113 746 2144 est
769 2112 808 2144 nt
832 2109 920 2155 quin
943 2123 966 2144 α
982 2112 1022 2144 et
1048 2111 1068 2143 ὀ

202 2164 251 2200 ad
290 2165 446 2200 eundem
485 2177 618 2202 anuum
660 2167 873 2214 pertineant
918 2167 1067 2202 dubium

202 2233 288 2259 esse
303 2227 486 2270 nequem
513 2226 533 2259 b
558 2228 679 2261 autem
704 2226 750 2261 ad
768 2238 801 2262 a.
821 2226 892 2262 214
906 2225 1066 2261 referen-

201 2281 287 2317 dum
311 2285 372 2317 est
394 2285 471 2318 tam
496 2287 649 2330 propter
687 2284 836 2320 nomina
866 2283 1067 2325 consulum,

202 2351 309 2386 quam
335 2343 488 2387 propter
504 2341 687 2378 Caracalli
703 2341 936 2377 tribuniciam
960 2345 1066 2388 pote-

201 2402 336 2434 statem
360 2399 474 2435 XVII
501 2399 564 2444 (cf.
588 2399 732 2436 Eckhel
757 2401 789 2442 7,
814 2401 897 2444 211)
931 2407 968 2435 et
991 2412 1067 2436 ma-

203 2457 390 2502 gisterium
415 2458 543 2493 Gessii
558 2458 732 2493 Bassiani
751 2457 812 2503 (cf.
831 2469 864 2493 a.
882 2459 952 2495 213
966 2471 1000 2493 v.
1018 2460 1067 2503 5).

201 2515 394 2550 Pertinere
419 2517 439 2550 b
463 2515 511 2550 ad
536 2517 620 2551 anni
646 2516 717 2552 214
746 2526 893 2552 menses
918 2517 1067 2552 ultimos

203 2583 284 2608 oum
308 2573 458 2620 piacula
481 2574 677 2609 ostendunt
689 2573 737 2609 ob
755 2574 841 2609 ferri
853 2574 1067 2610 inlationem

203 2634 243 2667 et
257 2631 457 2668 elationem
469 2632 582 2675 facta,
607 2643 703 2678 quae
721 2632 759 2667 in
774 2631 846 2667 fine
862 2632 1067 2668 tabularum

203 2690 343 2735 sIgnari
390 2688 549 2734 solent,''
575 2694 652 2725 tum
700 2690 892 2725 confirmat
930 2691 1067 2726 mentio

200 2747 432 2784 hibernorum
468 2748 793 2784 Nicomedensium
808 2775 817 2791 ‚
852 2749 891 2782 in
933 2748 1066 2794 quibus

201 2810 367 2854 tempore
378 2806 624 2843 Saturnalium
636 2807 894 2852 imperatorem
907 2816 1066 2841 commo·

200 2867 317 2900 ratum
342 2875 429 2900 esse
459 2864 532 2899 Dio
555 2867 681 2899 narrat
701 2863 772 2910 (78,
797 2865 837 2906 8;
862 2864 908 2899 cf.
923 2865 978 2905 77,
996 2866 1066 2908 18).

202 2922 310 2968 ond
335 2926 456 2958 autem
497 2922 726 2969 praecedunt
757 2922 904 2958 nomina
933 2932 1065 2958 consu-

201 2980 294 3023 lum,
332 2981 395 3026 qui
433 2979 603 3016 kalendis
615 2980 797 3016 Ianuariis
814 2980 1067 3025 magistratum

200 3039 369 3082 inierant,
407 3038 446 3073 id
477 3037 643 3074 ostendit
672 3039 785 3074 etiam
815 3039 971 3074 Arvales
1002 3038 1068 3074 illa

202 3099 326 3132 aetate
373 3097 412 3131 in
459 3097 553 3131 actis
602 3096 884 3133 conscribendis
921 3097 1069 3132 uomina

205 3154 439 3190 suffectorum
486 3154 710 3200 neglexisse.
776 3155 875 3191 Sane
929 3155 1067 3198 mirum,

204 3211 303 3259 quod
333 3212 418 3259 ipsa
457 3213 605 3248 uomina
640 3214 801 3261 repetita
830 3215 933 3256 sunt,
973 3222 1067 3256 cum,

1138 1585 1335 1629 postquam
1356 1583 1505 1629 neglegi
1530 1587 1666 1630 coepta
1690 1586 1750 1618 est
1770 1583 2006 1619 suffectorum

1138 1640 1328 1683 memoria,
1355 1640 1619 1676 ordinariorum
1642 1641 1789 1676 nomina
1814 1642 1928 1677 semel
1951 1644 2003 1677 in-

1138 1704 1248 1734 eunte
1273 1709 1368 1734 anno
1394 1700 1564 1735 adnotari
1596 1700 1708 1735 solita
1732 1699 1824 1734 sint:
1850 1700 1896 1735 cf.
1921 1704 2007 1736 acta

1138 1769 1169 1792 a.
1183 1759 1254 1794 213
1278 1768 1396 1804 eaque
1410 1769 1504 1804 quae
1529 1758 1625 1793 infra
1639 1761 1897 1804 proponentur.
1928 1758 2003 1795 Sed

1139 1816 1258 1851 simile
1283 1819 1355 1859 est,
1381 1817 1480 1863 quod
1504 1827 1572 1863 per
1595 1816 1852 1862 exceptionem
1876 1818 2004 1852 etiam-

1136 1877 1212 1909 tum
1231 1874 1384 1910 formula
1399 1875 1510 1910 isdem
1526 1873 1724 1909 consuubm
1742 1874 1909 1910 adhibita
1925 1878 2003 1910 est:

1137 1932 1181 1967 cf.
1210 1944 1243 1967 a.
1266 1934 1337 1968 213
1360 1945 1396 1970 V.
1413 1934 1475 1975 23,
1501 1934 1562 1968 ubi
1587 1944 1659 1968 non
1685 1935 1842 1979 possunt
1865 1933 2003 1977 signifi-

1138 1991 1214 2026 cati
1238 2002 1323 2026 esse
1349 1991 1422 2026 nisi
1447 1991 1619 2027 consules
1642 1990 1828 2033 ordinarii,
1854 2002 1934 2026 cum
1960 2003 2005 2027 ea

1137 2051 1260 2084 aetate
1283 2049 1394 2084 iidem
1412 2049 1556 2085 suffecti
1571 2053 1758 2095 nequeant
1773 2060 1840 2095 per
1856 2060 2003 2086 menses

1138 2117 1207 2142 sex
1243 2109 1282 2151 (a
1316 2107 1416 2142 Maio
1452 2118 1505 2143 sc.
1542 2119 1660 2154 usque
1706 2107 1753 2143 ad
1791 2107 2003 2151 Octobrem)

1138 2165 1262 2201 fasces
1287 2166 1464 2211 gessisse.
1501 2166 1596 2202 Item
1620 2166 1799 2213 inprimis
1818 2166 2002 2212 capitibus

1139 2227 1304 2259 actorum
1336 2235 1368 2260 a.
1406 2225 1475 2260 218
1512 2225 1740 2260 consulatum
1766 2228 2001 2260 memoratum

1136 2282 1253 2318 fuisse
1270 2282 1432 2318 ostendit
1449 2283 1580 2327 hiatus,
1607 2284 1669 2330 qui
1689 2294 1760 2319 non
1778 2282 1884 2318 aliter
1900 2282 2001 2318 vide-

1136 2343 1196 2376 tur
1224 2340 1364 2387 expleri
1387 2352 1512 2387 posse.

1232 2399 1288 2433 De
1315 2399 1470 2443 singulis
1496 2402 1585 2434 nota
1608 2399 1723 2434 haec:
1758 2412 1781 2433 a
1808 2402 1831 2441 ¹)
1858 2400 1904 2434 de
1929 2400 2001 2435 for-

1137 2455 1234 2491 mula
1253 2456 1298 2491 ef.
1325 2467 1357 2491 a.
1375 2457 1455 2499 213,
1472 2458 1519 2493 20
1536 2468 1652 2503 seqq„
1669 2458 1732 2492 ubi
1749 2461 1871 2492 tamen
1890 2458 2002 2493 verba

1139 2522 1172 2548 et
1196 2515 1459 2548 immolaverunt
1489 2526 1556 2559 per
1595 2516 1697 2550 illum
1731 2516 1873 2550 inserta
1918 2520 2005 2551 sunt

1139 2574 1227 2618 post
1239 2575 1557 2607 commemoratam
1567 2583 1729 2615 causam,
1737 2578 1887 2620 propter
1896 2585 2002 2619 quam

1138 2641 1281 2666 sacrum
1297 2630 1432 2666 sactum
1458 2634 1547 2674 erat,
1574 2631 1612 2666 in
1635 2633 1730 2667 actis
1743 2635 1865 2667 autem
1886 2643 1908 2666 a
1932 2633 2004 2668 214

1137 2688 1301 2724 ordinem
1344 2689 1455 2724 alium
1491 2689 1606 2725 fuisse
1643 2689 1810 2725 ostendit
1850 2702 1870 2723 a
1908 2701 1941 2724 v.
1968 2691 2001 2732 8,

1136 2747 1201 2782 ubi
1249 2749 1413 2794 proxime
1459 2751 1548 2794 post
1595 2748 1814 2783 mentionem
1865 2759 2001 2783 causae

1137 2805 1286 2840 deorum
1334 2805 1482 2841 nomina
1528 2808 1659 2841 secuta
1706 2817 1791 2841 esse
1834 2809 2001 2852 apparet.

1138 2864 1308 2900 Coniecit
1347 2864 1524 2900 Marinius
1572 2863 1730 2899 natalem
1769 2863 2001 2909 imperatoris

1136 2922 1332 2965 celebrari,
1358 2924 1444 2969 quia
1460 2922 1574 2957 natali
1587 2932 1733 2968 quoque
1749 2921 1910 2957 Neronis
1928 2921 1999 2956 Fe-

1137 2981 1269 3017 licitati
1293 2981 1517 3016 immolatum
1542 2983 1601 3015 est
1626 2980 1686 3026 (ef.
1704 2991 1736 3014 a.
1754 2981 1809 3016 59.
1829 2980 1905 3023 60):
1932 2979 1999 3014 sed

1137 3040 1183 3075 cf.
1208 3039 1255 3075 ad
1280 3050 1313 3074 a.
1339 3041 1408 3076 186
1431 3049 1519 3085 pag.
1541 3039 1584 3080 2,
1610 3040 1642 3074 1.

1230 3097 1259 3142 2)
1286 3097 1415 3132 ΑΝΤΙ
1430 3097 1598 3132 Momms.
1613 3095 1731 3130 minus
1744 3095 1857 3130 bene:
1873 3094 1999 3130 ultima

1138 3156 1233 3191 enim
1258 3156 1355 3193 linea
1378 3154 1569 3193 frustulum
1594 3159 1655 3189 est
1678 3153 1824 3192 litterae
1849 3153 1892 3193 Ο,

2061 806 2088 825 n.
2112 801 2163 826 214
