2340 3658
315 172 421 198 xvm
1109 156 1320 192 Exordium.

437 273 503 315 19.
565 274 629 314 Ita
668 272 767 314 dum
805 276 980 327 cryptae
1019 270 1258 313 coemeterii
1296 271 1562 314 subterranei
1598 273 1794 312 accurate
1839 267 2124 323 explorantur,

322 355 484 385 summo
525 341 678 383 ardore
720 340 1045 383 continuabatur
1079 339 1355 393 investigatio
1391 352 1519 382 areae
1557 339 1635 382 sub
1680 338 1779 381 divo
1823 336 2011 393 positae,
2049 346 2127 376 nec

320 410 487 464 Regina
521 410 647 452 modo
700 408 1047 462 clementissima,
1085 409 1161 451 sed
1200 408 1292 464 ipse
1328 409 1418 452 Rex
1450 407 1701 462 Guilelmus,
1733 405 1989 449 Germaniae
2017 415 2130 446 nune

322 482 559 535 Imperator
585 478 929 533 gloriosissimus,
962 476 1015 518 de
1038 476 1149 518 felici
1171 476 1545 531 investigationum
1567 488 1764 519 successu
1787 475 1990 518 certiores
2011 475 2125 532 faeti,

322 561 485 591 summa
522 546 660 588 denuo
698 546 953 589 liberalitate
992 558 1069 587 nos
1108 545 1377 588 adiuverunt.
1439 548 1588 600 Neque
1629 545 1872 588 fefellerunt
1908 559 1984 588 nos
2030 557 2128 601 spes

323 620 575 671 conceptae3
608 629 706 658 nam
736 619 904 670 praeter
936 614 1177 668 fragmenta
1207 615 1389 669 plurima
1419 619 1607 657 actorum
1640 627 1783 657 mense
1814 614 1927 656 Maio
1957 614 2129 657 ineunte

322 686 480 742 prodiit
510 685 677 738 integra
707 684 855 726 tabula
885 682 987 724 anni
1020 684 1086 736 90,
1120 687 1160 724 et
1190 684 1357 726 etiamsi
1389 684 1539 726 diebus
1561 683 1870 739 posterioribus
1898 681 2018 725 nulla
2044 682 2131 725 alia

323 756 366 797 in
398 755 534 796 10000]
566 754 735 808 prolata
765 760 828 795 est
859 751 1004 793 tabula
1035 751 1213 806 integra,
1247 753 1380 795 multa
1410 753 1454 794 in
1486 752 1578 795 dies
1610 753 1784 795 inventa
1813 757 1912 794 sunt
1949 751 2131 795 frustula

323 823 562 865 tabularum
609 821 873 876 potissimum
912 832 1121 861 annorum
1159 821 1212 863 38
1252 825 1293 863 et
1330 822 1402 876 87,
1450 835 1627 876 quarum
1668 826 1811 876 partes
1843 825 1942 864 ante
1972 834 2131 863 annum

324 905 458 946 prope
490 890 728 932 aedificium
760 889 985 931 rotundum
1018 889 1168 931 vineae
1208 889 1421 932 inferioris
1460 890 1855 933 eruderaveramus.
1925 889 2131 933 Deficien-

326 960 439 1002 tibus
471 959 654 1013 denique
687 958 827 1013 operis
859 958 901 999 in
933 971 1096 999 summo
1128 958 1235 1000 colle
1266 958 1321 1000 ad
1352 958 1477 1002 finem
1508 958 1713 1015 perducta
1742 972 1853 1013 quae
1883 958 1942 1001 ibi
1963 958 2132 1014 incepta

325 1034 415 1072 erat
447 1028 648 1082 fossione,
682 1028 725 1068 in
757 1030 877 1082 parte
908 1026 1061 1068 vineae
1090 1040 1199 1081 quae
1231 1027 1433 1069 orientem
1467 1027 1658 1083 respicit,
1691 1040 1741 1070 eo
1773 1027 1884 1082 1000,
1917 1041 2000 1081 quo
2032 1031 2131 1070 ante

326 1111 481 1139 annum
515 1100 689 1151 propter
720 1094 1012 1137 difficultatem
1045 1096 1331 1150 exiguamque
1353 1096 1575 1138 utilitatem
1597 1110 1702 1152 opus
1723 1096 2004 1152 interruptum
2027 1101 2130 1152 erat,

324 1172 478 1209 terram
511 1165 650 1207 denuo
681 1163 991 1219 temptavinnffi,
1026 1177 1102 1205 nee
1133 1164 1225 1206 sine
1255 1164 1413 1206 fructu:
1455 1179 1553 1206 nam
1583 1170 1754 1220 praeter
1785 1165 2028 1220 fragmenta
2056 1166 2130 1208 mi-

326 1236 443 1277 noris
495 1233 618 1289 pretii
668 1237 828 1288 partem
885 1232 1149 1287 repperimus
1211 1238 1399 1274 aetorum
1453 1233 1636 1275 Neronis
1693 1233 1793 1275 anni
1839 1235 1908 1276 59.
1985 1234 2132 1277 Cessa-

326 1305 464 1346 vimns
507 1317 533 1344 a
569 1300 716 1343 labore
754 1314 791 1341 a.
831 1300 871 1342 d.
915 1301 971 1342 VI
1011 1300 1220 1344 kalendas
1262 1302 1392 1344 Iulias
1431 1302 1571 1357 operis
1611 1302 1664 1344 ob
1698 1302 1882 1344 calorem
1925 1302 2134 1345 aestivum

326 1374 366 1414 in
404 1371 587 1427 patriam
635 1369 921 1411 redeuntibus.
998 1369 1065 1411 Ad
1102 1370 1207 1412 illud
1248 1383 1380 1425 usque
1417 1374 1582 1425 tempus
1621 1384 1732 1425 quae
1770 1370 1813 1413 in
1864 1371 1992 1414 vinea
2035 1371 2134 1414 Cec-

327 1440 595 1482 earellimum
632 1443 801 1494 reperta
841 1452 867 1479 a
906 1438 1028 1480 nobis
1076 1444 1196 1480 erant
1240 1443 1533 1494 monumenta,
1580 1452 1632 1481 ea
1677 1439 1791 1481 edidi
1837 1443 1878 1481 et
1921 1439 2133 1482 illustravi

326 1510 369 1551 in
401 1509 507 1550 libro
539 1508 769 1562 inscripto:
802 1508 928 1547 Scam:
958 1509 1025 1547 nel
1055 1508 1177 1550 bosco
1209 1522 1332 1549 sacro
1365 1510 1431 1549 dez·
1460 1510 1618 1561 fratelli
1649 1509 1795 1549 Arvali
1822 1522 1898 1561 per
1919 1509 2134 1562 laryhezza

328 1581 431 1620 delle
469 1579 548 1618 LL.
591 1578 684 1617 MM.
727 1578 950 1629 Guylielmo
990 1578 1040 1616 ed
1069 1578 1256 1630 Auyusta
1292 1591 1338 1617 re
1368 1591 1389 1618 e
1419 1579 1563 1630 reyina
1593 1579 1636 1618 di
1666 1579 1841 1618 Prussia
1871 1579 2033 1631 operati
2063 1578 2135 1619 dai

329 1650 487 1701 siynori
529 1647 771 1699 Ceccarelli,
809 1647 1018 1686 relaz-ione
1055 1659 1081 1686 a
1111 1660 1228 1687 nome
1259 1646 1359 1687 delt’
1390 1648 1582 1688 Instituta
1614 1647 1657 1686 di
1687 1647 2038 1700 corrispondeuza
2068 1660 2134 1687 ar-

329 1718 564 1769 cheologn'ca
591 1716 830 1768 pubblicum
859 1716 914 1755 da
943 1717 988 1756 G.
1012 1716 1186 1770 Henzen,
1219 1716 1350 1757 Roma
1382 1717 1497 1757 dalla
1528 1717 1750 1768 tipoyrafia
1783 1717 1975 1758 Tiberina
2013 1715 2132 1770 1868,

328 1801 398 1841 pp.
440 1785 548 1826 XIII
588 1787 628 1825 et
671 1783 747 1825 107
791 1787 831 1825 et
861 1783 975 1826 tabb.
1007 1783 1176 1838 lithogr.
1209 1784 1245 1827 V
1277 1784 1389 1840 (cum
1420 1784 1658 1840 appendice
1688 1783 1900 1840 Rudolphi
1926 1784 2135 1827 Laneiani

333 1855 385 1896 de
416 1852 612 1895 aedificio
645 1851 825 1893 rotundo
857 1851 1041 1908 vineae).

444 1922 602 1963 Multae
633 1925 774 1962 tamen
806 1924 949 1975 partes
981 1921 1133 1964 vineae
1164 1922 1411 1978 exploratae
1443 1922 1630 1965 nondum
1653 1926 1785 1978 erant,
1807 1921 1950 1965 necin
1970 1934 2135 1965 summo

331 1991 438 2033 colle
477 1991 606 2046 plane
645 1988 853 2031 exhausta
890 1989 1116 2032 videbatur
1157 2003 1251 2032 esse
1289 2003 1391 2032 area
1428 1991 1688 2048 coemeterii,
1730 1991 1843 2034 unde
1874 1994 1935 2033 tot
1963 1990 2137 2034 tabulae

330 2062 373 2102 in
417 2061 553 2101 lucem
602 2059 829 2101 redierant.
892 2059 1165 2115 Quapropter
1208 2060 1262 2102 ab
1307 2059 1514 2114 Augustis
1560 2060 1796 2102 fautoribus
1835 2073 1948 2102 nova
1992 2059 2138 2116 adepti

332 2129 525 2172 subsidia
563 2129 699 2170 hieme
745 2143 953 2171 annorum
997 2128 1155 2181 1868s9
1197 2128 1363 2171 duobus
1402 2129 1669 2184 potissimum
1701 2129 1853 2171 vineae
1883 2129 1988 2171 loeis
2034 2143 2141 2185 opus

331 2198 527 2253 aggressi
559 2212 728 2253 sumus,
762 2199 805 2240 in
836 2198 930 2253 ipso
961 2197 1121 2240 seilicet
1152 2197 1260 2240 colle
1289 2198 1525 2253 paullulum
1555 2197 1668 2239 infra
1698 2197 1927 2239 oratorium
1961 2199 2138 2241 Damasi

331 2281 489 2323 papae,
530 2273 571 2309 et
608 2267 770 2309 maiore
801 2267 929 2309 etiam
961 2267 1122 2309 ambitu
1155 2266 1198 2308 in
1228 2270 1349 2321 parte
1381 2266 1534 2309 declivi
1565 2266 1731 2321 vineae,
1763 2279 1874 2320 quae
1903 2267 2046 2322 posita
2076 2272 2140 2310 est

332 2338 440 2379 inter
477 2350 620 2378 casam
662 2339 702 2376 et
743 2336 1041 2378 coemeterium
1078 2349 1178 2378 vere
1215 2335 1316 2377 anni
1361 2335 1467 2377 1868
1506 2335 1783 2391 exploratum.
1844 2335 1898 2378 Et
1942 2335 1985 2376 in
2030 2334 2140 2377 colle

332 2405 502 2459 quidem
542 2404 762 2460 superiore
801 2418 930 2459 opere
970 2419 1019 2447 00
1057 2418 1190 2459 usque
1229 2404 1446 2459 absoluto,
1486 2408 1531 2446 ut
1568 2417 1663 2446 cum
1703 2405 1822 2447 fossa
1852 2404 1953 2446 anni
1983 2403 2140 2460 prioris

335 2474 665 2528 coniungeretur
697 2487 821 2529 nova,
852 2474 1036 2528 plurima
1057 2473 1299 2528 fragmenta
1320 2472 1547 2515 eruderata
1568 2477 1677 2528 sunt,
1701 2478 1889 2516 actorum
1911 2473 2140 2529 praecipue

332 2543 434 2584 anni
482 2544 548 2585 69.
612 2544 702 2585 Nec
742 2542 857 2597 quod
895 2543 1007 2584 cirea
1045 2543 1199 2585 clivum
1238 2555 1344 2598 opus
1386 2542 1597 2597 inceptum
1641 2546 1749 2597 erat,
1790 2542 1833 2584 in
1871 2546 1991 2597 parte
2029 2545 2142 2584 certe

332 2611 534 2653 inferiore
565 2611 657 2653 sine
691 2611 875 2653 utilitate
907 2611 998 2666 fuit,
1033 2625 1125 2653 cum
1156 2610 1270 2653 haud
1301 2624 1439 2666 pauca
1467 2623 1546 2652 nee
1578 2611 1736 2664 exigua
1767 2610 1949 2653 frustula
1977 2610 2142 2653 tabula-

331 2694 422 2721 rum
453 2679 513 2721 ibi
545 2693 713 2734 quoque
746 2679 1051 2721 effoderentur:
1084 2679 1438 2722 deminuebantur
1459 2683 1599 2721 tamen
1623 2679 1780 2721 fructus
1803 2679 2018 2734 fossionis,
2042 2680 2141 2722 dum

332 2748 387 2790 ad
436 2748 699 2802 superiorem
747 2749 897 2790 collem
944 2749 1359 2804 appropinquamus,
1416 2761 1673 2802 quamquam
1726 2760 1812 2788 non
1862 2747 2002 2790 desita
2046 2753 2144 2790 sunt

332 2817 515 2858 inveniri
550 2816 790 2870 fragmenta
827 2817 1020 2871 quamvis
1052 2817 1253 2872 parvula3
1299 2830 1378 2859 nec
1408 2816 1565 2859 licebat
1594 2816 1724 2870 igitur
1754 2815 1807 2858 ab
1840 2816 2142 2871 investigando

333 2885 561 2940 desistere,
601 2886 847 2940 priusquam
892 2886 1236 2941 pervenissemus
1276 2885 1352 2927 sub
1384 2886 1521 2940 ipsum
1553 2884 1849 2927 coemeterium
1882 2897 1992 2926 anno
2023 2899 2143 2941 prae-

333 2953 498 2995 cedenti
537 2955 816 3010 exploratum.
880 2954 970 3005 Quo
1011 2954 1123 2997 facto
1163 2954 1327 2997 duobus
1369 2954 1466 2995 aliis
1508 2954 1613 2996 locis
1646 2958 1801 2996 terram
1834 2953 2143 3010 temptavimus,

332 3022 409 3063 sed
440 3022 618 3064 frustra:
652 3023 807 3078 reperti
839 3023 948 3064 enim
980 3037 1065 3065 non
1097 3027 1194 3066 sunt
1224 3022 1308 3064 nisi
1339 3023 1447 3064 muri
1480 3023 1622 3077 rudes,
1656 3022 1729 3077 qui
1759 3021 1914 3076 quibus
1936 3021 2145 3065 aedificiis

334 3090 547 3132 tribuendi
589 3096 731 3134 essent
766 3091 939 3133 minime
979 3093 1226 3147 apparebat.
1289 3091 1560 3146 Quapropter
1598 3091 1820 3145 ingruente
1859 3093 2022 3131 aestate
2053 3103 2145 3133 cum

333 3163 415 3203 iam
457 3159 604 3212 fugere
641 3160 786 3202 urbem
828 3160 1067 3215 coepissent
1106 3174 1282 3215 operae,
1315 3160 1534 3213 segetibus
1567 3163 1706 3202 autem
1739 3161 2017 3214 occuparetur
2045 3172 2145 3213 pars

335 3226 486 3269 vineae
531 3227 573 3268 in
624 3243 785 3270 summo
831 3229 939 3271 colle
986 3243 1008 3271 e
1052 3230 1224 3284 regione
1260 3241 1388 3272 areae
1425 3228 1666 3273 coemeterii
1704 3227 1864 3283 posita,
1905 3239 2014 3281 quae
2053 3228 2148 3283 plus
