2340 3658
330 219 412 261 238
981 218 1011 252 Α
1020 217 1168 252 ddenda
1194 221 1232 251 et
1257 215 1486 262 corrigenda.

319 347 425 387 quae
454 334 683 388 superioris
707 334 737 389 ¹)
769 336 869 376 anni
898 335 1087 388 mayistri
1116 340 1341 384 voverant,
1379 333 1579 388 persolvit
1619 339 1657 375 et
1696 335 1739 376 in
1781 336 2017 388 proximum
2054 349 2137 378 an-

1900 403 2005 473 'num
2025 420 2136 447 nun-

267 491 279 514 1
318 473 499 526 cupavil,
529 476 737 526 praeunte
769 473 804 513 T
821 471 853 527 ²)
885 505 1324 516 ...........
1355 475 1398 515 in
1419 473 1561 514 eadem
1580 473 1707 515 verba
1728 487 1833 528 quae
1862 476 1979 529 infra
1997 477 2137 530 scrip-

1959 542 2012 613 {ta
2040 546 2137 586 sunt
2167 570 2170 572 -

314 611 406 651 Iovi
437 610 600 660 bsoves)
645 623 781 652 mares
828 609 889 665 ΙΙ,
938 610 1090 652 Iunoni
1137 624 1293 653 vaccas
1340 612 1404 665 II,
1453 612 1662 653 Minervae
1705 624 1858 654 vaccas
1887 614 1952 664 ΙΙ,
1999 615 2136 657 Saluti

1612 679 1852 749 lpublicsae)
1882 695 2036 725 vaccas
2064 683 2136 732 II;

318 750 361 789 in
407 749 555 802 templo
601 760 711 789 novo
760 746 870 804 divo·
907 747 1143 803 Aug(usto)
1188 747 1359 803 b(oves)
1392 754 1570 800 matres)
1602 752 1667 806 II,
1718 752 1840 793 divae
1884 752 2136 810 Azrysustae)

1073 815 1235 886 'vaccas
1255 819 1312 871 II,
1345 819 1441 859 divo
1474 820 1648 861 Claudio
1681 820 1843 870 bsoves]
1874 825 2053 871 msares)
2074 822 2132 863 ΙΙ.

263 901 278 925 5
315 887 358 926 in
390 886 561 939 colleyio
593 886 819 939 adsuerunt
850 885 894 928 C.
928 886 1182 942 Calpurnius
1213 889 1312 929 Piso
1351 920 2132 932 ...................

519 979 545 1022 ¹)
584 977 719 1022 exigua
744 980 935 1012 remanent
960 978 1165 1014 litterarum
1192 979 1354 1025 vestigia
1380 990 1448 1014 nec
1475 980 1520 1015 de
1547 981 1673 1016 littera
1699 992 1716 1016 s
1743 981 1853 1028 plane
1880 985 2058 1018 constat.-

515 1036 543 1080 2)
582 1038 712 1083 potest
729 1036 841 1071 etiam
859 1036 976 1072 fuisse
995 1038 1027 1073 P
1053 1038 1112 1073 vel
1130 1038 1174 1082 F,
1202 1049 1282 1074 cum
1302 1048 1374 1073 non
1399 1039 1544 1086 reliqua
1569 1040 1619 1075 sit
1636 1040 1709 1075 nisi
1727 1051 1812 1087 pars
1832 1041 1983 1079 inferior
2000 1041 2134 1078 lineae.

310 1131 573 1176 Fragmentum
630 1130 806 1176 scriptum
848 1135 907 1166 est
945 1134 1030 1166 ante
1073 1133 1348 1179 Vespasianum
1392 1137 1546 1180 propter
1581 1134 1800 1170 sacrificium
1840 1134 1923 1170 divo
1959 1135 2132 1180 Augusto

311 1189 446 1224 factum
474 1188 535 1230 (cf.
563 1200 597 1234 p.
620 1189 714 1233 104),
740 1193 828 1235 post
854 1201 987 1224 atnnum
1013 1193 1134 1226 autem
1153 1192 1209 1234 37,
1237 1203 1309 1237 quo
1335 1193 1511 1238 templum
1538 1204 1671 1228 novum
1691 1193 1730 1229 C.
1751 1193 1891 1230 Caesar
1910 1196 2001 1239 Aug.
2027 1193 2131 1229 dedi·

309 1248 423 1283 cavit:
451 1247 497 1283 ef.
518 1259 554 1294 p.
573 1249 631 1284 55.
673 1248 877 1283 Praeterea
895 1259 928 1283 v.
945 1249 970 1283 4
987 1248 1153 1285 adfuisse
1173 1250 1319 1286 videtur
1337 1262 1468 1286 nomen
1494 1252 1568 1287 divi
1589 1252 1744 1288 Claudii.
1787 1253 1919 1298 Itaque
1939 1252 2129 1288 frustulum

307 1306 541 1342 referendum
560 1310 616 1342 est
642 1306 688 1341 ad
709 1309 868 1341 aetatem
883 1306 1056 1351 Neronis,
1077 1310 1134 1344 cui
1153 1309 1352 1345 litterarum
1372 1321 1518 1356 quoque
1537 1311 1653 1346 forma
1671 1313 1772 1346 recte
1793 1311 1976 1347 convenit.
2002 1313 2130 1357 Neque

307 1367 430 1400 tamen
448 1368 574 1411 potest
593 1365 705 1401 tribui
723 1365 818 1400 actis
838 1377 1013 1401 annorum
1029 1368 1075 1404 59
1095 1371 1132 1403 et
1150 1370 1210 1412 60,
1231 1380 1325 1414 quae
1345 1374 1554 1416 supersunt,
1574 1380 1644 1405 nec
1662 1381 1837 1405 annorum
1851 1371 1952 1407 58·et
1969 1371 2015 1406 66
2031 1370 2128 1405 actis

311 1426 464 1470 propter
490 1425 710 1471 scripturam
730 1425 840 1471 plane
869 1425 1064 1469 diversam,
1092 1437 1161 1462 nec
1188 1427 1272 1462 anni
1299 1429 1356 1471 57,
1383 1430 1520 1475 quippe
1549 1440 1700 1475 quorum
1727 1440 1856 1464 versus
1883 1429 2128 1475 amplioribus

308 1483 513 1519 intervallis
548 1483 715 1519 distincti
749 1484 836 1519 sint.
889 1484 1142 1520 [excluduntur
1176 1485 1336 1532 denique
1370 1486 1455 1520 anni
1482 1487 1526 1523 67
1553 1492 1591 1522 et
1617 1488 1680 1530 68,
1717 1488 1749 1522 si
1782 1487 1928 1534 quidem
1959 1490 2062 1523 recte
2089 1487 2130 1524 C.

310 1541 548 1588 Calpurnium
574 1542 770 1577 habuimus
797 1554 863 1589 pro
891 1543 1031 1579 Pisone
1057 1543 1139 1587 illo,
1175 1545 1237 1590 qui
1264 1556 1360 1580 anno
1386 1546 1432 1581 65
1464 1549 1591 1580 contra
1615 1545 1803 1581 Neronem
1837 1546 2043 1582 coniuravit
2068 1547 2128 1589 (es.

308 1600 419 1635 index
445 1601 576 1647 privat.
605 1613 634 1635 s.
660 1602 728 1645 v.),
754 1601 841 1636 item
871 1612 900 1636 a.
928 1602 989 1643 63,
1019 1602 1115 1647 quod
1149 1603 1186 1638 in
1220 1603 1343 1638 indice
1378 1615 1513 1647 eorum,
1540 1605 1602 1650 qui
1636 1606 1731 1640 votis
1765 1605 1895 1639 annuis
1921 1603 2127 1647 adfuerunt,

309 1659 348 1694 C.
368 1659 521 1695 Pisonis
549 1670 680 1695 nomeu
708 1663 888 1705 superest.
938 1659 1019 1695 Nee
1048 1661 1289 1706 fragmentum
1318 1663 1554 1708 coniungitur
1581 1674 1661 1699 cum
1691 1663 1842 1698 frustulo
1868 1662 2057 1700 NERON.
2086 1663 2127 1707 C,

306 1721 409 1763 parte
435 1720 598 1753 aetorum
637 1718 682 1752 ad
710 1721 798 1753 vota
826 1729 947 1754 annua
973 1720 1255 1765 pertinentiun1;
1291 1721 1342 1756 ibi
1376 1722 1471 1756 enim
1498 1733 1569 1757 non
1596 1724 1634 1757 in
1661 1724 1785 1766 templo
1810 1735 1916 1764 novo,
1951 1722 2018 1758 sed
2045 1730 2127 1758 ante

307 1776 472 1819 templum
497 1789 623 1811 novum
649 1777 874 1812 immolatum
902 1788 987 1812 esse
1014 1777 1184 1813 traditur.
1234 1780 1264 1814 E
1293 1780 1476 1816 contrario
1503 1780 1650 1816 litterae
1678 1785 1715 1815 et
1733 1781 1850 1816 forma
1876 1784 1914 1816 et
1931 1781 2126 1816 altitudine

307 1834 516 1869 simillimae
543 1839 629 1870 sunt
646 1835 851 1881 fragmento
871 1835 1062 1872 NERON.
1089 1837 1121 1871 B
1140 1838 1225 1872 anni
1252 1842 1291 1873 ut
1308 1839 1454 1874 videtur
1478 1841 1535 1882 62,
1562 1840 1599 1875 in
1626 1851 1698 1886 quo
1726 1851 1808 1874 cum
1834 1839 1929 1875 inter
1948 1840 2125 1885 collegas,

305 1893 367 1939 qui
386 1893 594 1936 adfuerunt,
623 1906 693 1930 non
713 1899 1020 1931 commemoretur
1040 1895 1079 1930 C.
1100 1895 1332 1942 Calpurnius,
1360 1909 1426 1943 pro
1451 1899 1631 1943 magistro
1651 1903 1771 1933 autem
1791 1898 1962 1944 fungatur
1981 1897 2126 1934 Salvius

305 1950 404 1986 Otho
424 1952 592 1988 Titianus
620 1956 657 1988 et
685 1957 884 2000 propterea
909 1954 957 1989 ad
985 1966 1065 1989 eum
1094 1955 1212 2001 ipsum
1239 1967 1370 1990 annum
1394 1956 1635 2001 fragmentum
1656 1968 1787 1992 novum
1807 1957 1934 1992 referri
1953 1959 2125 2003 nequeat,

303 2011 373 2046 hoc
399 2011 560 2047 fortasse
587 2023 683 2048 anno
709 2014 876 2059 proxime
903 2013 1145 2060 praecedenti
1171 2014 1215 2048 61
1242 2013 1513 2059 adsignandum
1540 2018 1609 2050 est.

443 2106 472 2141 F
500 2106 635 2142 litteris
661 2107 747 2143 altis
774 2108 860 2144 mill.
888 2109 964 2144 fere
993 2109 1143 2146 12—14.

302 2166 464 2207 Nerone
496 2167 675 2208 Claudio
698 2168 880 2210 Caesare
910 2167 1146 2223 Aug(usto)
1168 2170 1414 2211 Germanico
1442 2172 1520 2211 eet.
1543 2171 1790 2220 cosnjssule)
1821 2169 1859 2212 V
1876 2200 2123 2211 .........

1720 2238 1780 2309 lob
1811 2240 1990 2281 natalem
2021 2237 2124 2279 Sla-

305 2305 420 2345 tiliae
449 2305 715 2347 Messallinae
731 2307 795 2355 (Ρ)
827 2307 1021 2361 coniugis
1053 2306 1143 2348 eius
1176 2339 1741 2351 ..............

303 2406 654 2418 .........
685 2375 1622 2431 maqisterio¹)...............

505 2466 530 2509 ¹)
567 2465 714 2500 litterae
754 2470 792 2501 et
825 2466 1041 2502 dimidiatae
1075 2471 1162 2503 sunt
1199 2471 1238 2503 et
1271 2467 1379 2503 valde
1414 2470 1614 2513 evanidae,
1652 2473 1693 2505 ut
1725 2469 1881 2516 eogitari
1917 2469 2040 2514 possit
2075 2468 2122 2504 de

568 2526 736 2570 im1perio
763 2525 822 2560 vel
848 2527 1095 2569 quperioſtrisz
1123 2526 1191 2562 sed
1219 2526 1366 2562 videtur
1392 2533 1529 2563 certum
1557 2540 1642 2564 esse
1662 2532 1835 2575 punctum
1861 2534 1950 2575 post
1975 2531 2120 2567 litteras

567 2586 651 2626 erio,
678 2594 747 2619 nee
775 2583 925 2619 verbum
951 2586 1098 2629 imperio
1126 2587 1284 2621 occurrit
1309 2587 1344 2621 in
1372 2586 1468 2621 actis
1496 2587 1631 2622 aetatis
1658 2588 1887 2634 antiquioris.

300 2676 560 2722 Fragmentum
606 2678 652 2713 ad
698 2682 858 2715 aetatem
901 2678 1044 2724 Flaviis
1085 2681 1330 2726 antiquiorem
1374 2682 1537 2716 referunt
1581 2682 1727 2717 uomina
1767 2683 1932 2719 Caesaris
1969 2685 2122 2731 Augusti

299 2734 369 2770 hoc
395 2735 504 2770 modo
524 2738 742 2773 coniuncta:
771 2736 974 2773 excludunt
999 2741 1168 2785 tempora
1195 2738 1271 2775 divi
1289 2740 1453 2785 Augusti
1477 2739 1682 2776 litterarum
1703 2742 1828 2785 forma,
1857 2743 1913 2777 Ti.
1932 2742 2132 2786 Caesaris,-

301 2793 456 2838 Galbae,
486 2794 644 2831 Othonis
672 2797 810 2832 mentio
838 2796 1019 2842 coniugis,
1048 2796 1087 2832 C.
1117 2797 1309 2840 Caesaris,
1336 2798 1497 2841 Claudii,
1534 2800 1677 2846 priores
1705 2811 1821 2836 annos
1848 2801 2013 2837 Neronis
2039 2813 2117 2837 ver-

298 2852 382 2887 bum
407 2855 608 2900 mayisterio
636 2855 681 2901 (v.
708 2856 757 2900 3),
785 2855 884 2901 quod
911 2856 948 2890 in
975 2856 1069 2891 actis
1098 2856 1362 2902 superstitibus
1389 2869 1462 2893 non
1490 2859 1652 2894 occurrit
1677 2859 1748 2894 nisi
1775 2859 1822 2894 ab
1850 2871 1945 2895 anno
1971 2860 2048 2895 fere
2073 2861 2120 2898 63

298 2910 344 2946 ad
373 2923 504 2946 annum
523 2924 641 2959 usque
660 2915 716 2950 90.
755 2914 1019 2958 Fragmentum
1045 2915 1158 2959 igitur
1175 2915 1321 2950 videtur
1346 2917 1473 2951 referri
1494 2928 1607 2963 posse
1633 2918 1679 2953 ad
1706 2919 1936 2964 posteriores
1954 2917 2117 2954 Neronis

298 2981 434 3008 annos:
469 2972 714 3007 excluduntur
740 2977 862 3007 autem
890 2972 1097 3018 scripturae
1123 2974 1341 3010 diversitate
1368 2975 1454 3010 anni
1481 2977 1523 3012 61
1552 2979 1589 3011 et
1614 2977 1677 3019 62,
1711 2977 1743 3012 si
1769 2975 1914 3022 quidem
1942 2979 2044 3012 recte
2070 2977 2116 3012 ad

298 3039 363 3063 eos
391 3029 595 3066 rettulimus
625 3031 665 3067 fr.
692 3031 723 3066 B
752 3034 790 3066 et
815 3032 864 3070 E;
891 3032 977 3066 item
1006 3032 1089 3066 anni
1116 3033 1161 3067 63
1187 3035 1225 3067 et
1250 3034 1306 3076 66,
1332 3044 1402 3069 nec
1424 3037 1616 3070 remanent
1641 3034 1714 3070 nisi
1741 3036 1825 3070 anni
1851 3035 1896 3070 64
1921 3036 1967 3072 65
1991 3036 2036 3071 67
2061 3037 2116 3071 68.

298 3087 376 3122 Iam
417 3099 504 3123 vero
549 3089 611 3135 qui
657 3101 689 3125 v.
718 3091 736 3124 1
776 3090 912 3135 legitur
943 3090 1128 3126 ablativus
1163 3091 1314 3127 Caesare
1338 3095 1512 3140 Auqustm
1558 3095 1788 3130 consulatum
1834 3093 1991 3137 indicat,
2036 3105 2116 3130 oum

299 3146 593 3192 supplementum
620 3149 791 3193 maqistro
818 3148 1036 3183 excludatur
1061 3150 1247 3185 mentione
1273 3154 1484 3197 maqisterii,
1512 3163 1579 3188 uec
1608 3153 1903 3200 supplementum
1926 3161 2116 3202 praeeunte

296 3204 367 3239 hoe
394 3205 477 3241 loeo
505 3205 750 3253 probabiliter
778 3207 924 3242 admitti
949 3208 1084 3254 possit.
1135 3208 1412 3246 Posterior-ibus
1439 3214 1560 3246 autem
1587 3212 1730 3259 imperii
1765 3213 1870 3247 annis
1897 3223 1968 3247 non
1995 3212 2116 3257 gessit

297 3262 398 3299 Nero
418 3264 649 3299 consulatum
669 3265 740 3299 nisi
761 3268 927 3301 extremo
944 3268 1000 3310 68,
1020 3277 1100 3301 eum
1120 3269 1183 3316 aut
1201 3267 1391 3313 abrogatis
1411 3270 1575 3306 fascibus
1596 3270 1746 3306 Galerio
1761 3269 1946 3305 Trachalo
1964 3273 2003 3305 et
2020 3269 2114 3306 Silio

296 3320 430 3356 Italico
457 3323 492 3356 in
519 3323 630 3358 breve
656 3326 803 3370 tempus
832 3324 934 3361 solus
961 3325 1092 3361 consul
1119 3326 1236 3361 factus
1264 3330 1323 3362 est
1350 3329 1467 3372 (Suet.
1495 3329 1578 3364 Ner.
1605 3330 1652 3366 43
1686 3327 1732 3364 ef.
1760 3328 1855 3365 Plin.
1886 3334 2015 3375 paney.
2041 3330 2113 3374 57),
