2340 3658
435 282 470 317 3.
519 281 615 317 ratio
643 257 811 318 votorum
836 293 1050 319 annuorum.

541 340 598 375 De
611 340 794 376 relatione
806 341 973 386 magistri
988 340 1035 376 de
1048 342 1148 377 votis
1162 343 1295 378 annuis
1309 321 1501 379 solrendis
1519 348 1555 379 et
1581 355 1669 380 con-

537 398 734 444 cipiendis,
748 410 843 445 quae
857 399 1084 446 amplissime
1098 404 1317 437 enarrantur
1328 402 1365 436 in
1380 404 1476 438 actis
1491 402 1538 438 ad
1553 403 1668 450 impe-

536 458 627 492 rium
655 458 854 492 Domitiani
878 458 1167 504 pertinentibus.

538 516 595 551 De
608 517 843 556 caerimoniis
859 516 1059 552 celebratis
1076 518 1333 564 exponitur.-—
1347 519 1403 554 De
1418 522 1498 555 ture
1514 524 1549 555 et
1565 521 1669 562 vino;

540 595 579 600 —
597 575 721 611 foculo
736 580 773 610 et
786 587 868 617 ara;
897 598 911 600 v
933 575 980 611 de
993 576 1217 612 immolando
1232 577 1330 621 vino,
1345 579 1443 614 mola
1457 578 1662 626 cultroque.

537 634 679 679 Quibus
705 635 917 670 numinibus
942 638 1031 670 vota
1055 638 1240 682 concepta
1265 638 1351 672 sint.

534 694 633 729 Exta
657 693 844 729 aulicocta
867 692 1023 729 reddita.

536 752 593 788 De
618 753 715 787 actis
733 755 768 787 et
782 756 865 787 ante
882 751 1132 788 Domitianum
1151 758 1186 788 et
1204 757 1292 800 post
1308 766 1390 790 eum
1407 755 1556 791 brevius
1578 766 1665 791 con-

534 812 669 858 ceptis.

531 870 588 906 De
614 869 829 916 praeeundo
854 871 1026 907 carmina.

534 928 609 972 Gur
633 928 816 964 interdum
842 928 902 963 die
928 932 1096 964 votorum
1123 930 1349 966 immolatum
1375 942 1449 966 non
1475 932 1537 968 sit.

531 985 636 1022 Deae
654 988 747 1022 Diae
774 992 863 1023 vota
887 988 924 1022 in
949 988 1034 1023 luco
1060 988 1252 1024 solvuntur
1277 989 1337 1024 die
1363 989 1450 1025 alio.

530 1046 647 1082 Index
665 1047 938 1093 imperatorum,
967 1057 1120 1093 quorum
1150 1047 1197 1082 de
1216 1047 1336 1084 salute
1354 1051 1443 1084 vota
1461 1058 1581 1083 annua
1599 1059 1662 1083 no-

530 1105 588 1141 bis
614 1109 762 1141 servata
786 1109 882 1141 sunt.

426 1163 460 1197 4.
510 1163 695 1199 Votorum
721 1174 922 1199 annuorum
948 1174 1108 1200 carmen.

532 1222 687 1258 Carmen
700 1222 812 1269 plene
826 1223 981 1259 refertur
998 1223 1035 1259 in
1050 1224 1146 1260 actis
1160 1223 1443 1270 antiquissimis,
1459 1245 1500 1250 —
1517 1225 1662 1260 brevia·

531 1284 607 1316 tum
622 1281 691 1316 sub
709 1281 861 1318 Nerone
881 1285 920 1317 et
938 1281 1179 1328 Vespasiano
1193 1292 1237 1318 ac
1258 1293 1326 1328 per
1343 1284 1604 1330 exceptionem
1622 1284 1659 1319 in

534 1339 631 1374 actis
645 1340 733 1375 anni
745 1341 877 1385 incerti
892 1340 1047 1383 Tiberii,
1062 1360 1103 1366 —
1121 1340 1301 1386 integrum
1317 1341 1390 1387 legi
1405 1342 1503 1378 solet
1516 1343 1552 1378 in
1566 1343 1663 1378 actis

533 1397 612 1432 Titi
630 1401 669 1433 et
685 1398 899 1441 Domitiani,
917 1419 960 1425 —
981 1398 1163 1434 omittitur
1175 1399 1244 1434 sub
1263 1399 1439 1443 Traiano,
1456 1401 1662 1444 Hadriano,

526 1457 719 1491 Antonino
747 1458 829 1499 Pio,
862 1477 904 1483 --—
942 1457 1039 1492 redit
1067 1457 1296 1492 immutatum
1331 1458 1400 1493 sub
1432 1458 1577 1502 Marco,
1615 1481 1655 1486 —

529 1515 712 1550 omittitur
737 1516 805 1550 sub
833 1515 1038 1551 Commodo
1063 1519 1102 1551 et
1128 1515 1357 1552 Alexandro.

533 1573 677 1616 Donum
703 1574 784 1608 Iovi
810 1574 857 1608 ob
885 1578 970 1609 rota
994 1586 1115 1609 annua
1140 1574 1314 1611 dicatum.

527 1631 583 1666 De
610 1631 682 1667 diis
708 1632 847 1678 quibus
871 1636 960 1668 vota
983 1644 1103 1668 annua
1128 1636 1313 1679 concepta
1338 1634 1433 1678 sint,
1469 1636 1515 1670 de
1549 1637 1655 1678 victi-

529 1700 741 1736 marumque
768 1687 930 1726 numero.

422 1751 455 1785 5.
506 1751 739 1795 praesentes.
1524 1778 1547 1789 s

358 1828 362 1831 ’
424 1831 456 1866 6.
508 1831 596 1866 ,vota
619 1841 687 1877 pro
714 1830 835 1866 salute
860 1831 947 1867 novi
973 1831 1152 1878 principis
1179 1836 1376 1879 suscepta:

618 1901 686 1936 pro
712 1890 833 1925 salute
859 1889 1032 1925 Othonis.

856 1948 1068 1985 Domitiani.

858 2006 1082 2044 Pertinacis.

854 2065 1061 2111 Elagabali.

853 2124 1047 2161 Gordiani.

413 2181 471 2217 De
498 2181 707 2218 numinibus
732 2182 868 2229 quibus
893 2182 1213 2228 concipiebantur.

414 2241 471 2276 De
497 2241 596 2276 votis
623 2240 905 2277 decennalibus.

412 2299 471 2334 De
495 2299 827 2335 acclamationibus
853 2300 900 2335 ad
926 2303 1015 2335 vota
1039 2300 1214 2338 adiectis,

280 2393 335 2437 ΙΙ.
395 2392 549 2438 VOTA
578 2393 782 2439 ANNUA
802 2393 1156 2439 SINGULARIA
1188 2395 1297 2441 PRO
1319 2398 1545 2442 SALUTE
1566 2398 1646 2442 ΙΜ-

395 2462 714 2506 PERATORIS
743 2461 1033 2507 SUSCEPTA
1035 2497 1649 2510 ..............

401 2532 506 2568 Vota
528 2543 651 2568 annua
676 2543 743 2579 pro
769 2533 890 2568 salute
916 2535 1119 2572 Domitiani
1144 2541 1334 2582 suscepta.

458 2593 491 2627 1.
540 2602 657 2628 annus
683 2595 723 2627 et
747 2593 841 2629 dies.

455 2651 490 2686 2.
538 2651 655 2687 locus.

455 2710 487 2744 3.
536 2711 631 2746 ratio
657 2715 836 2748 votorum.

560 2770 666 2805 Vota
690 2771 851 2807 fortasse
877 2782 973 2808 anno
998 2774 1043 2810 86
1068 2772 1239 2808 instituta
1265 2775 1363 2807 sunt.

457 2826 491 2861 4.
540 2838 687 2864 carmen
712 2832 891 2865 votorum.

557 2887 775 2924 Aeternitas
801 2888 958 2935 imperii.

454 2945 488 2980 5.
537 2949 768 2990 praesentes.

404 3024 508 3060 Vota
532 3036 600 3071 pro
627 3026 746 3062 salute
772 3026 978 3063 Commodi.

454 3084 486 3119 1.
536 3091 655 3120 annus
680 3088 715 3119 et
740 3084 835 3122 dies.

452 3141 486 3177 2.
537 3141 655 3178 locus.

453 3200 487 3235 3.
535 3200 632 3234 ratio
657 3203 836 3237 votorum.

451 3258 486 3293 4.
535 3262 765 3304 praesentes.

1827 2476 1894 2512 109
1907 2477 2012 2512 -113
