2340 3658
425 246 478 288 78
1063 243 1254 280 Sacrificio.
1282 243 1582 281 extraordinaria,

423 361 582 410 exemplo
608 363 782 410 proxima
813 361 1038 411 Campaniae
1062 361 1266 409 municipia
1282 363 1436 410 victimis
1461 367 1497 398 et
1515 352 1752 412 leqationibus
1769 362 1943 400 laetitiam
1963 363 2089 400 testari
2115 359 2229 411 (Tac.
2294 408 2298 418 ¹

424 424 448 461 l.
478 435 509 461 c.
542 423 615 471 10).
660 423 836 461 Maxime
864 423 984 472 igitur
1012 427 1315 461 consentaneum
1337 411 1487 461 Romae
1516 435 1671 474 quoque
1690 425 1859 463 Arvales
1886 429 1968 463 tum
1988 424 2229 474 convenisse,

424 486 474 524 ad
503 497 665 535 eamque
694 498 775 524 rem
804 498 956 524 sacrum
983 486 1193 536 pertinere,
1223 484 1329 534 quod
1362 489 1451 523 ante
1496 486 1597 525 diem
1639 487 1813 538 quintum
1853 487 2044 526 kalendas
2071 487 2231 538 Apriles

422 548 559 599 paucis
588 548 727 586 diebus
755 553 847 599 post
874 548 1036 587 eaedem
1063 552 1332 598 perpetratam
1352 548 1594 588 celebratum
1619 555 1691 599 est,
1719 562 1954 601 quamquam
1973 551 2024 589 ob
2042 549 2232 600 pudorem

425 611 578 650 silentio
607 611 886 661 praetermissa
926 616 987 650 est
1028 623 1160 659 causa,
1188 615 1351 661 propter
1378 623 1495 661 quam
1523 612 1666 651 fratres
1695 613 1980 655 convenissent.
2036 613 2137 652 Tum
2163 625 2231 653 au-

426 679 504 713 tem
521 687 598 712 non
617 674 769 712 videtur
784 674 1021 713 immolatum
1038 685 1124 712 esse
1145 674 1211 722 (cf.
1226 673 1328 712 infra
1344 687 1382 724 p.
1400 675 1478 724 82),
1497 675 1565 713 sed
1581 675 1654 713 diis
1670 676 1952 716 immortalibus
1969 681 2102 728 grates
2118 681 2231 716 actae

425 739 475 776 ob
504 738 719 788 periculum
748 742 985 788 superatum.
1024 759 1075 765 —
1114 736 1221 775 Nero
1264 737 1418 786 deinde,
1459 741 1502 776 ut
1540 739 1791 789 prosequitur
1818 739 1981 780 Tacitus
2023 741 2062 790 (l.
2091 753 2123 781 c.
2155 741 2231 792 13),

424 803 589 839 cunctari
620 804 659 837 in
686 802 832 851 oppidis
861 801 1096 851 Campaniae,
1124 813 1282 849 quonam
1306 802 1414 838 modo
1442 801 1564 838 urbem
1589 803 1849 851 inqrederetur,
1876 816 1925 841 an
1952 803 2155 854 obsequium
2180 817 2233 843 se-

423 871 530 902 natus
571 877 620 901 an
657 864 780 901 studia
811 865 930 914 plebis
968 866 1145 913 reperiret
1184 866 1322 902 anxius.
1380 863 1516 902 Contra
1554 865 1766 903 deterrimus
1794 869 1953 916 quisque,
1981 879 2135 917 quorum
2159 881 2234 907 non

426 929 503 965 alia
530 929 633 977 ressia
657 928 850 970 fecundior
876 930 1000 973 extitit,
1027 930 1181 964 invisum
1209 928 1442 977 Agrippinae
1472 940 1601 965 nomen
1634 934 1668 966 et
1698 935 1812 967 morte
1846 933 1919 968 eius·
1954 942 2140 971 accensum
2161 945 2232 982 po·

420 991 500 1040 puli
519 992 691 1040 favorem
718 992 912 1028 disserunt:
954 994 1023 1028 iret
1048 991 1248 1040 intrepidus
1275 994 1347 1029 cet.
1399 990 1486 1028 Illis
1518 990 1655 1029 diebus
1684 1003 1755 1042 pro
1785 993 1908 1031 salute
1936 997 1975 1032 et
2001 993 2128 1033 reditu
2148 995 2231 1034 eius

422 1054 462 1092 in
491 1054 586 1091 urbe
614 1053 854 1092 immolatum
884 1065 972 1091 esse
1003 1054 1099 1092 satis
1129 1054 1334 1102 probabile
1363 1057 1434 1092 est.
1462 1075 1513 1081 —
1540 1053 1678 1092 Rediit
1706 1054 1872 1106 denique
1913 1055 1951 1094 in
1991 1057 2124 1096 urbem
2163 1058 2231 1097 im-

420 1122 597 1167 perator:
625 1118 742 1163 simul,
770 1117 906 1155 scribit
934 1117 1102 1155 Tacitus
1133 1115 1172 1166 (l.
1203 1128 1235 1155 c.
1267 1115 1343 1166 13),
1366 1118 1568 1167 praeyredi
1595 1125 1791 1167 exposcunt
1818 1117 1890 1170 (sc.
1915 1119 2157 1172 adulatores,
2182 1122 2231 1161 de

423 1179 565 1229 quibus
597 1184 714 1219 antea
740 1181 895 1218 locutus
923 1181 1012 1229 est).
1043 1186 1076 1217 et
1098 1182 1347 1230 promptiora,
1375 1192 1484 1229 quam
1511 1182 1770 1229 promiserant,
1795 1184 1990 1230 inveniunt,
2018 1184 2142 1222 obvias
2168 1188 2232 1224 tri-

424 1244 499 1289 bus,
517 1245 616 1293 sesto
644 1245 743 1281 cultu
768 1250 940 1290 senatum,
976 1246 1166 1293 coniuyum
1199 1256 1242 1280 ac
1277 1243 1470 1280 liberorum
1505 1246 1652 1292 agymina
1680 1257 1751 1294 per
1776 1257 1897 1282 sexum
1924 1252 1958 1284 et
1982 1253 2135 1286 aetatem
2161 1249 2232 1288 dis-

418 1308 554 1355 posita,
585 1312 774 1352 extructos,
802 1319 876 1355 qua
900 1308 1091 1352 incederet,
1117 1307 1406 1356 spectaculorum
1430 1307 1583 1356 yradus,
1617 1319 1686 1355 quo
1720 1309 1828 1346 modo
1861 1310 2034 1359 triumphi
2057 1313 2231 1351 visuntur.

423 1369 522 1405 Hinc
547 1369 721 1418 superbus
748 1381 792 1405 ac
813 1370 954 1418 publici
980 1372 1117 1407 servitii
1150 1373 1268 1407 victor
1296 1369 1515 1419 Capitolium
1550 1371 1652 1416 adiit,
1683 1376 1804 1420 males
1838 1372 1985 1410 exsolvit
2018 1377 2092 1412 cet.
2146 1374 2233 1414 Iam

424 1444 509 1469 eum
537 1432 575 1469 in
605 1432 703 1470 actis
731 1433 899 1470 Arvales
928 1437 968 1470 et
995 1432 1107 1470 VIII
1135 1432 1172 1471 k.
1201 1433 1325 1471 Iulias
1353 1438 1392 1471 et
1418 1432 1487 1470 III
1516 1432 1604 1471 idus
1637 1433 1890 1483 Septembres
1928 1446 1999 1485 pro
2036 1435 2162 1475 salute
2195 1441 2235 1475 et

422 1494 550 1532 reditu
578 1494 749 1533 Neronis
781 1496 961 1534 dicantur
986 1495 1223 1543 immolasse,
1261 1495 1356 1535 nihil
1393 1500 1520 1534 autem
1558 1495 1741 1534 traditum
1776 1497 1827 1535 sit
1854 1509 1938 1535 eum
1966 1499 2098 1548 paullo
2124 1503 2231 1550 post-

421 1570 537 1607 quam
567 1559 733 1596 Romam
761 1558 1000 1606 revertisset,
1029 1570 1170 1596 novum
1197 1558 1271 1597 iter
1299 1559 1544 1609 suscepisse,
1587 1558 1678 1596 mihi
1710 1560 1917 1609 probabile
1953 1565 2025 1610 est,
2059 1573 2146 1600 eum
2173 1574 2231 1601 re-

424 1620 543 1659 diisse
573 1621 641 1659 III
670 1621 758 1659 idus
789 1621 1044 1671 Septembres
1074 1627 1113 1660 et
1139 1623 1246 1661 facta
1283 1634 1369 1660 esse
1407 1622 1601 1660 sacrificia
1636 1622 1698 1660 die
1727 1622 1863 1662 VIIII
1889 1622 2080 1664 kalendas
2108 1625 2231 1666 Iulias

420 1696 493 1734 pro
522 1685 650 1723 reditu
678 1685 875 1735 faciendo,
905 1685 966 1723 die
995 1685 1064 1723 III
1094 1685 1182 1723 idus
1213 1684 1467 1735 Septembres
1496 1686 1709 1735 gratiarum
1745 1687 1987 1736 agendarum
2014 1700 2136 1728 eausa
2161 1701 2234 1740 pro

422 1748 550 1787 reditu
578 1749 695 1788 facto.

423 1821 507 1880 [63]
888 1822 975 1865 IIII
1005 1822 1102 1865 idus
1135 1822 1367 1879 [Apriles‘ffl
1398 1848 1454 1853 —
1484 1823 1538 1866 ob
1570 1824 1817 1876 adv[entum
1848 1825 2032 1869 Neronis
2063 1826 2229 1880 Claudi]

948 1892 1145 1934 Caesaris
1176 1892 1362 1947 Augusti
1393 1893 1654 1945 [Germanici
1681 1897 1722 1936 et
1741 1894 1986 1950 Poppaeae]
2015 1895 2236 1953 Augustae

950 1964 990 2002 et
1022 1960 1244 2014 Claud[iae
1275 1961 1529 2016 Augustae}
2120 1961 2125 1969 ”

525 2042 730 2081 Pertinent
757 2045 851 2081 acta
879 2041 930 2079 ad
957 2040 1130 2079 Neronis
1155 2041 1324 2081 reditum
1344 2043 1474 2092 Antio,
1501 2046 1713 2092 postquam
1742 2042 1860 2081 filiam
1886 2043 1942 2083 ibi
1969 2055 2018 2083 ex
2041 2045 2236 2098 Poppaea

421 2105 606 2155 suscepit,
635 2105 683 2143 de
713 2117 792 2155 qua
821 2104 984 2142 Tacitus
1014 2103 1116 2155 (ann.
1149 2106 1208 2155 15,
1236 2104 1302 2156 23)
1332 2107 1388 2144 sic
1418 2106 1571 2145 scribit:
1613 2107 1785 2144 Memmio
1811 2106 1952 2157 Reyulo
1993 2115 2026 2146 et
2067 2109 2233 2160 Viryinio

421 2170 522 2219 Rufo
550 2170 752 2207 consulibus
778 2174 903 2206 natam
929 2169 997 2206 sibi
1024 2181 1066 2205 ev
1092 2169 1277 2218 Poppaea
1294 2170 1417 2218 filiam
1444 2170 1547 2208 Nero
1574 2171 1673 2207 ultra
1705 2172 1860 2208 mortale
1889 2171 2066 2221 gaudium
2099 2175 2239 2222 aceepit

423 2234 691 2283 appellavitque
717 2232 923 2282 Augsustam
951 2232 1039 2269 clato
1068 2237 1098 2268 et
1123 2232 1326 2282 Poppaeae
1353 2234 1474 2271 eodem
1502 2240 1746 2284 coqnomento.
1787 2233 1913 2270 Locus
1942 2236 2140 2284 puerperio
2176 2247 2236 2274 σο·

423 2298 523 2334 lonia
548 2295 701 2333 Antium
719 2297 810 2345 suit,
837 2297 899 2333 ubi
927 2298 1003 2345 ipse
1028 2302 1221 2345 generatus
1249 2302 1337 2333 erat.
1391 2297 1477 2334 Iam
1502 2303 1647 2334 senatus
1671 2303 1812 2334 uterum
1835 2297 2036 2346 Poppaeae
2061 2310 2235 2336 commen-

422 2360 577 2397 daverat
603 2361 659 2397 dis
683 2347 841 2408 votaque
864 2359 1009 2408 publice
1035 2365 1252 2409 susceperat,
1291 2372 1383 2408 quae
1414 2361 1658 2410 multiplicata
1699 2361 1940 2408 eoesolutaque.
1994 2361 2049 2398 Et
2088 2361 2236 2400 additae

422 2425 706 2473 supplicationes
733 2423 971 2472 templumque
999 2423 1246 2469 Fecunditati,
1273 2429 1307 2460 et
1334 2430 1514 2461 certamen
1548 2425 1600 2462 ad
1633 2424 1817 2473 eaemplar
1843 2422 2021 2460 Actiacae
2052 2426 2236 2475 reliyionis

422 2487 614 2532 decretum,
641 2492 750 2534 utque
776 2486 1027 2523 Fortunarum
1055 2487 1189 2535 effigies
1217 2499 1350 2523 aureae
1375 2489 1415 2524 in
1440 2488 1530 2526 solio
1560 2487 1759 2537 Capitolini
1785 2487 1888 2524 Iovis
1919 2488 2148 2532 locarentur‚·
2180 2489 2233 2525 lu-

421 2550 562 2587 dicrum
601 2551 772 2595 circense,
812 2555 852 2586 ut
890 2550 1012 2587 Iuliae
1049 2552 1147 2599 9enti
1187 2550 1291 2599 apud
1316 2550 1497 2596 Bovillas,
1531 2553 1586 2588 ita
1621 2549 1799 2588 Claudiae
1841 2550 2093 2600 Domitiaeque
2132 2552 2236 2601 apud

420 2614 573 2651 Antium
602 2613 776 2651 ederetur.
802 2635 853 2640 —
880 2612 1080 2650 Neronem
1109 2623 1242 2651 mense
1270 2613 1402 2663 Aprili
1436 2613 1474 2651 in
1516 2614 1651 2652 urbem
1699 2613 1908 2651 revertisse
1942 2613 2076 2664 posuit
2114 2614 2233 2653 Mari-

423 2677 509 2714 nius
537 2677 589 2726 (p.
622 2676 720 2725 122),
751 2675 821 2714 sed
847 2676 965 2714 etiam
995 2687 1127 2714 mense
1155 2676 1299 2714 Martio
1328 2677 1390 2715 vel
1417 2676 1529 2714 Maio
1559 2677 1704 2715 sactum
1733 2687 1821 2714 esse
1849 2679 1995 2727 potest,
2024 2677 2233 2716 dummodo

422 2745 512 2779 ante
540 2744 703 2778 mortem
731 2739 909 2787 infantis,
940 2752 1054 2790 quam
1084 2742 1217 2778 natam
1247 2739 1352 2778 eirca
1375 2739 1476 2777 diem
1502 2739 1617 2778 XIII
1646 2741 1708 2778 vel
1727 2739 1818 2778 XII
1844 2738 2036 2779 kalendas
2056 2740 2232 2780 Februa-

424 2805 501 2842 rias
532 2802 598 2854 (οἵ.
622 2807 712 2842 acta
729 2815 762 2841 a.
783 2803 848 2852 63)
878 2810 1048 2852 quartum
1067 2805 1166 2840 intra
1184 2815 1335 2839 mensem
1356 2802 1578 2840 decessisse
1598 2802 1735 2842 scribit
1755 2803 1922 2842 Tacitus
1952 2802 2051 2855 (ann.
2071 2805 2131 2853 15,
2150 2803 2227 2856 23).

427 2900 540 2958 [66a]
914 2901 966 2943 ob
998 2902 1162 2943 laurum
1194 2899 1476 2958 [imperatoris
1513 2899 1696 2942 Neronis
1729 2899 1879 2943 Claudi
1925 2899 2120 2946 Caesaris
2150 2902 2235 2946 Au-

587 2971 725 3024 lapide
740 2969 878 3024 fracto
971 2968 1120 3025 g(usti)
1154 2966 1425 3025 Germanici}

427 3038 538 3097 [6612]
585 3041 777 3094 deliciunt
793 3040 881 3081 dies
915 3040 1061 3079 iterum
1093 3036 1162 3094 [ob
1194 3037 1378 3096 lau]rum
1410 3038 1600 3080 eiusdem.

428 3107 536 3166 [660]
916 3106 969 3149 ob
1002 3106 1350 3164 supplica[tiones
1381 3121 1408 3150 a
1438 3110 1589 3149 senatu
1622 3107 1844 3165 decretasj.

528 3212 584 3250 Et
608 3212 742 3251 laurus
768 3211 808 3250 in
839 3211 1043 3262 Capitolio
1070 3211 1201 3262 posita
1228 3214 1267 3250 et
1295 3210 1604 3261 supplicationes
1633 3222 1657 3250 a
1677 3215 1815 3250 senatu
1842 3210 2023 3250 decretae
2051 3216 2235 3263 spectant

429 3274 479 3312 ad
507 3274 696 3314 Tiridatis
724 3275 762 3313 in
790 3275 925 3314 urbem
952 3274 1174 3324 adventum,
1204 3274 1252 3312 de
1280 3287 1356 3325 quo
1386 3273 1600 3314 Suetonius
1629 3273 1747 3324 (Nero
1771 3276 1828 3314 13.
1851 3274 1932 3325 14):
1958 3288 2032 3315 non
2056 3277 2232 3314 immerito

428 3341 519 3376 inter
544 3340 752 3389 spectacula
780 3340 825 3377 ab
853 3352 892 3378 eo
921 3340 1019 3377 edita
1046 3345 1079 3376 et
1110 3338 1287 3376 Tiridatis
1311 3341 1351 3375 in
1377 3338 1500 3376 urbem
1531 3340 1720 3376 introitum
1758 3338 1965 3377 rettulerim.
2018 3338 2132 3384 Quem
2155 3338 2229 3376 Ar·

2328 3257 2340 3283 ὲ,

2327 3301 2340 3315 ⁷.

2324 3316 2340 3337 v¹

2331 3338 2340 3363 ἴε,

2329 3363 2340 3394 4Ξ
