2340 3658
138 1834 172 1858 10

985 192 1217 237 Elagabalus.
1929 203 2009 231 ccv

1001 308 1025 349 b
1054 321 1216 350 aversa.

208 385 247 422 et
275 384 371 421 ante
399 380 569 421 ianuam
597 379 700 421 deae
729 379 837 420 Diae
866 378 1119 419 aci-steterunt
1148 383 1187 418 et
1214 390 1394 419 coronas
1423 377 1610 418 derectas
1638 380 1711 416 cet.
1754 373 2007 415 calatoribus

262 449 517 502 sinquiorum
544 448 815 501 inferentibus
844 459 945 488 aras
974 448 1227 500 contigerunt
1232 461 1251 495 ,·
1286 452 1324 488 et
1360 445 1463 487 deae
1491 449 1716 486 coronatae
1743 449 1855 492 sunt,
1892 448 1930 483 et
1959 442 2010 483 de

264 518 556 559 Saturnalibus
582 518 730 570 primis
757 516 803 557 P.
834 516 995 557 Aelium
1023 516 1300 557 Secundinum
1328 516 1568 568 maqtstrum
1582 512 1614 567 ¹)
1644 518 1886 554 creavenmt
1914 518 1952 552 et

261 587 314 628 H.
344 586 535 628 Flavium
569 586 765 639 Alpinum
784 586 850 635 (?)
883 585 1087 638 flaminem
1127 586 1441 626 nominaverunt
1458 582 1492 639 ²)
1529 613 2005 627 ............

261 725 392 767 noaie
411 723 445 779 ³)
477 755 486 764 .
519 727 548 764 .'
561 753 955 764 ..........
985 723 1120 776 ibique
1146 722 1290 776 felicia
1325 723 1533 763 dixerunt.
1571 727 1609 762 et
1643 719 1904 762 ‹Ie-sciderunt
1939 719 2008 759 lu-

1673 788 1786 855 icum.
1809 789 2007 841 depositis

261 863 494 917 praetextis
524 861 740 902 cenatoria
769 859 866 900 alba
896 863 1180 912 accseperunt)
1211 865 1249 900 et
1276 861 1322 900 in
1352 859 1567 914 tetrastylo
1597 859 1751 912 epulati
1780 863 1886 898 sunt.
1915 858 2009 910 fer-

797 926 904 994 [cula
932 941 1021 968 cum
1052 930 1266 981 campanis
1294 934 1332 968 et
1361 928 1576 968 urnalibus
1605 928 1726 968 mulsi
1752 927 2006 979 sinyulorum

260 1011 376 1040 more
403 997 625 1052 pompae⁴)
653 999 696 1039 in
727 999 986 1052 tetrastylum
1014 997 1281 1040 transierunt.
1310 1002 1404 1049 post
1424 997 1569 1049 epulas
1588 996 1738 1048 sinyuli
1765 1000 2007 1048 praesentes

1750 1063 2006 1131 {acceperunt

262 1135 478 1190 sportulas
509 1136 724 1185 (denarios
754 1138 962 1184 centenos)
996 1141 1033 1175 et
1062 1147 1201 1175 rosam
1220 1131 1440 1188 solut(am)
1470 1133 1761 1189 acc(eperunt)
1790 1137 1832 1176 et
1860 1134 2005 1188 partiti

654 1204 845 1269 {sunt(?).
876 1204 1023 1244 deinde
1037 1204 1083 1244 L.
1101 1204 1290 1256 Alfenius
1306 1204 1525 1244 Avitianus
1543 1205 1856 1257 promaqstster)
1879 1203 2004 1243 latum

259 1275 408 1314 sumsit
430 1273 464 1327 5)
514 1281 556 1315 et
597 1273 786 1315 ricinium
795 1288 813 1322 ;
861 1273 1148 1327 superaccepit
1190 1284 1388 1314 coronam
1433 1271 1633 1325 pactilem
1656 1271 1689 1325 ⁶)
1735 1285 1917 1321 roseam,
1967 1277 2006 1311 et

1207 1340 1414 1407 'summoto
1443 1354 1569 1394 super
1600 1354 1789 1382 carceres
1819 1341 2005 1381 ascendit

258 1411 511 1465 signumque
548 1414 803 1466 quadi-tysis)
838 1412 983 1465 biysis)
1021 1409 1300 1452 desultoribus
1330 1408 1464 1463 misit,
1496 1407 1834 1464 praesidentibus
1865 1441 1875 1450 .
1908 1441 1917 1450 .
1951 1441 1960 1450 .
1994 1441 2003 1449 .

1216 1509 1824 1520 ...............
1854 1478 2004 1519 Catilio

257 1547 429 1603 Severo,
460 1549 660 1592 Armenio
693 1550 924 1603 Pereqrino,
956 1549 1155 1590 Caesonio
1185 1477 1360 1601 Illucitlo,
1373 1547 1408 1600 ⁷)
1438 1578 1745 1589 ........
1774 1551 1791 1588 t
1822 1579 1831 1588 .
1864 1578 1887 1601 .‚
1920 1546 2004 1588 No-

911 1616 991 1684 'vio
1020 1618 1173 1658 Severo
1202 1617 1278 1657 Pio
1296 1614 1331 1669 ⁸)
1361 1646 1713 1658 .........
1752 1616 1809 1656 ad
1837 1621 2002 1656 cretam.

261 1684 417 1729 deinde
444 1689 629 1742 peractis
658 1688 912 1730 circensibus
931 1687 963 1739 ⁹)
993 1686 1153 1728 Romae
1182 1685 1356 1739 reversi,
1382 1684 1433 1738 ¹⁰)
1462 1688 1503 1726 et
1539 1684 1584 1726 in
1619 1683 1747 1726 domu
1778 1717 2002 1727 ......

1272 1754 1277 1818 Ι
1283 1785 1506 1795 ......
1537 1755 1765 1806 ηιαρζίείνί)
1792 1755 2003 1794 cenatoria

261 1822 364 1866 alba
394 1824 689 1881 acceper(unt)
717 1829 759 1868 et
788 1825 1082 1867 discumbentes
1112 1819 1313 1866 toralibus
1340 1820 1601 1877 seymentatis
1630 1828 1721 1863 ture
1748 1826 1790 1863 et
1816 1821 1915 1864 vino
1946 1821 2002 1864 se-

1311 1892 1477 1960 luerunt,
1507 1891 1834 1932 ministrantibus
1860 1892 2002 1944 pueris

257 1959 491 2016 pan-imos)
520 1966 561 2004 et
590 1964 795 2004 matr-imis
824 1969 1060 2004 senatorum
1086 1962 1168 2015 filis
1198 1964 1308 2015 quei)
1337 1974 1486 2017 supra;
1525 1965 1566 2002 et
1595 1958 1804 2002 sacrificio
1832 1965 2002 2013 peracto

1496 2027 1711 2095 'unquenta
1748 2033 1788 2070 et
1823 2042 2001 2070 coronas

256 2098 550 2155 accep(erunt)
587 2103 630 2141 et
665 2100 860 2143 mantelis
893 2100 1101 2154 pulmenta
1137 2112 1285 2140 rursus
1313 2098 1615 2153 configet-(unt)
1635 2098 1687 2152 ¹¹)
1715 2101 1757 2140 et
1785 2097 1999 2152 sportulas

1065 2167 1233 2235 [singuli
1262 2174 1510 2222 acceperunt
1538 2168 1755 2218 [deriarios
1776 2169 1997 2215 centenos).

256 2249 450 2280 mensam
478 2238 709 2280 secundam
737 2237 1003 2279 bellur-iorum
1033 2237 1260 2279 diviserunt
1295 2242 1334 2279 et
1361 2249 1504 2280 rosam
1534 2236 1715 2278 solutam
1748 2241 1999 2290 acceperunt

1443 2304 1588 2373 {ibique
1615 2305 1759 2357 felicia
1789 2305 1997 2345 dixerunt.

290 2442 311 2475 b
360 2443 385 2485 ¹)
410 2442 459 2477 ef.
484 2445 569 2477 aeta
592 2454 626 2477 a.
650 2443 731 2479 219.
1222 2444 1252 2488 ⁴)
1278 2443 1346 2480 ΤΟ
1365 2470 1373 2479 .
1392 2472 1401 2481 .
1420 2471 1430 2479 .
1447 2470 1457 2479 .
1482 2443 1579 2490 lapis

291 2499 319 2543 ²)
342 2499 520 2546 reliquiae
545 2500 715 2536 videntur
747 2512 935 2537 remanere
960 2502 1059 2537 litte·
1224 2502 1250 2542 ⁵>
1278 2500 1384 2537 SVM
1398 2530 1407 2539 .
1422 2529 1431 2538 .
1445 2502 1465 2537 I
1488 2501 1537 2537 id.

196 2568 315 2594 rarum
338 2558 430 2602 LA,
473 2570 567 2605 qnae
598 2564 755 2605 possunt
787 2561 972 2606 pertinere
999 2564 1062 2594 aut
1220 2561 1249 2601 ⁶)
1275 2559 1527 2596 TACILIEM
1551 2559 1602 2595 id.

196 2615 244 2650 nd
273 2617 490 2652 vocabulum
530 2617 708 2660 flaminis,
749 2622 814 2653 aut
851 2618 899 2653 ad
924 2629 1059 2653 nomen
1222 2619 1255 2663 ⁷)
1280 2617 1513 2654 LVGIALO
1539 2617 1589 2654 id.

194 2674 316 2710 Flavii
370 2675 572 2711 cuiusdam.
661 2676 882 2711 Exeluditur
938 2679 1059 2711 autem
1221 2677 1249 2720 8)
1276 2676 1420 2713 ἾΟῩΟ
1446 2675 1516 2718 id.;
1554 2676 1602 2711 cr.
1634 2678 1720 2712 acta
1743 2687 1777 2711 a.
1802 2678 1872 2713 213
1897 2689 1928 2712 v.
1956 2679 1990 2714 5.

195 2731 347 2769 Flavius
383 2732 592 2768 Archelaus
629 2744 686 2777 eo,
729 2734 827 2779 qnod
864 2745 960 2770 anno
996 2736 1066 2772 218
1224 2735 1252 2779 ⁹)
1278 2735 1325 2772 cf.
1350 2744 1480 2771 comm.
1521 2733 1568 2769 ad
1605 2738 1690 2769 acta
1732 2734 1807 2769 diei
1840 2735 1994 2770 secundi

195 2790 327 2827 flamen
351 2791 436 2827 ruit:
462 2791 588 2838 itaque
613 2793 774 2838 cogitavi
799 2791 847 2827 de
864 2793 915 2830 M.
930 2792 1063 2829 Flavio
1130 2791 1228 2828 sacri
1252 2791 1442 2828 Amulium
1466 2803 1502 2839 p.
1518 2793 1582 2835 393
1608 2803 1824 2838 quamquam
1841 2793 1888 2828 de
1906 2804 1992 2841 sup-

195 2849 347 2896 Alpino.
1128 2850 1314 2897 plemento
1339 2861 1412 2887 non
1437 2852 1547 2898 plane
1572 2853 1731 2887 constat.

290 2909 318 2951 ³)
344 2909 400 2943 sic
432 2907 578 2943 videtur
615 2908 690 2954 legi
725 2910 763 2943 in
787 2909 932 2952 tabula3
957 2910 1059 2955 cogi·
1222 2909 1262 2954 ¹⁰)
1289 2901 1411 2950 ROA
1439 2903 1530 2950 ΛΕΙ
1555 2934 1654 2946 .....
1679 2909 1699 2944 Ι
1723 2908 1816 2955 lap.;
1842 2909 1991 2956 supple-

196 2967 359 3001 taveram
401 2965 447 3000 de
487 2966 806 3010 nomannorum,
855 2967 967 3014 idque
1009 2967 1057 3002 ad
1123 2970 1284 3003 mentum
1306 2968 1440 3002 reveni
1461 2967 1666 3014 respondet
1689 2966 1837 3002 dicendi
1860 2967 1994 3002 rationi

197 3024 422 3059 creationem
444 3023 602 3060 flaminis
619 3025 843 3068 referebam3
867 3025 935 3062 sed
951 3026 1059 3061 nimis
1128 3025 1175 3068 ei,
1201 3035 1275 3071 qua
1298 3028 1409 3060 antea
1432 3036 1579 3071 quoque
1595 3025 1770 3072 scriptum
1786 3035 1872 3060 esse
1898 3024 1991 3060 vidi-

196 3081 339 3117 videtnr
362 3082 503 3118 distare
521 3094 545 3118 a
568 3083 701 3118 litteris
722 3094 816 3129 qnae
833 3084 1062 3131 praecedunt
1127 3093 1207 3118 mus
1230 3095 1390 3118 reversus
1415 3085 1453 3117 in
1478 3084 1659 3130 tetrastylo
1685 3086 1740 3128 (a,
1767 3084 1843 3125 19),
1868 3084 1905 3117 in
1922 3095 1991 3129 pa·

197 3138 287 3182 LA,
328 3151 420 3186 quas
460 3141 508 3176 ad
548 3140 729 3176 flaminem
769 3153 947 3179 nomenve
980 3143 1059 3179 eius
1123 3143 1255 3186 pilione
1280 3141 1335 3188 (a,
1360 3142 1432 3178 20).

198 3199 381 3244 pertinere
406 3198 642 3236 coniecimus.
1225 3201 1264 3244 ¹¹)
1291 3199 1337 3234 de
1362 3199 1649 3246 supplementis,
1675 3210 1768 3245 quae
1787 3199 1876 3234 licet
1890 3202 1991 3234 certa

2054 379 2082 397 n.
2110 371 2160 397 218
