2340 3658
355 243 478 269 mlxxv
1140 218 1362 253 Hadrianus«.

1250 852 1276 879 a

417 949 1370 968 .......................
1405 916 1764 972 co(u)s(ulibus)¹)
1795 948 1803 958 .
1836 949 1844 957 .
1877 948 1886 957 .
1921 947 1930 956 .
1964 946 1973 955 .
2006 946 2014 954 .
2046 945 2057 972 V.

354 997 397 1036 iu
429 996 520 1035 luco
554 994 656 1033 deae
686 992 793 1032 Diae
822 989 1035 1044 piaculum
1070 987 1224 1029 factum
1245 1000 1377 1040 porca
1398 993 1434 1027 et
1458 1000 1566 1039 aqua
1587 988 1738 1039 opima,
1768 985 1949 1026 struibus
1968 982 2164 1036 feriisque

412 1064 462 1105 ob
491 1064 649 1116 serrum
679 1060 856 1101 inlatum
889 1057 1123 1112 scripturae
1157 1059 1198 1097 et
1226 1057 1465 1108 scalpturae
1494 1055 1706 1108 mayisteri
1728 1052 1995 1095 consummati
2025 1083 2034 1092 .
2067 1082 2076 1091 .
2107 1049 2133 1090 .”
2151 1080 2160 1090 .

1649 1122 1655 1189 Ι
1670 1150 2108 1166 ...........
2128 1117 2163 1172 ²)
2212 1144 2214 1146 -

556 1199 737 1247 eisdem
778 1195 1149 1260 00<n)s(ulibus)
1184 1236 1536 1247 .........
1567 1204 1610 1244 in
1642 1204 1732 1253 luco
1764 1204 1866 1244 deae
1897 1203 2003 1243 Diae

411 1280 623 1332 piaculum
666 1277 818 1319 factum
860 1289 993 1332 porea
1031 1279 1072 1317 et
1114 1286 1230 1328 agna
1266 1272 1428 1328 opima,
1465 1271 1647 1313 struibus
1683 1273 1880 1326 sertisque
1921 1269 1970 1312 ob
2006 1269 2163 1322 serrum

210 922 236 940 8·
256 920 304 943 126

1733 1340 1895 1408 lelatum
1924 1339 2163 1390 scripturae

411 1424 448 1457 et
477 1417 716 1468 scalpturae
743 1416 956 1469 mayisleri
982 1416 1152 1467 s(upra)
1178 1412 1422 1466 s(cripti)³).

556 1487 617 1533 M.
656 1485 820 1533 Annio
857 1485 991 1533 Vero

621 1564 698 1612 III

556 1683 565 1692 .
607 1683 617 1692 .
655 1644 813 1708 quio
850 1646 1092 1694 Ambibulo
1130 1645 1490 1701 cofujssulibusj.

354 1737 487 1779 (secuta
512 1743 593 1770 sum
619 1737 790 1770 indicatio
815 1737 1024 1782 mayisteriz',
1063 1736 1191 1770 deiude
1225 1742 1305 1769 acta
1330 1743 1484 1769 votorum
1516 1732 1588 1768 ΙΙΙ
1614 1746 1724 1768 ‘nouas
1755 1731 1942 1766 lanuarias
1967 1731 2160 1765 celatorum

1094 1802 1125 1828 et
1150 1794 1418 1839 susceptorum.)

753 1866 776 1906 b

518 1933 1076 1985 ln·QVOD·NON

572 2002 650 2046 JR
695 2002 1007 2046 VESTER

712 2095 721 2103 ·
756 2070 896 2114 OOS

693 2139 1188 2183 IBLIOOS·ET

1646 1878 1809 1974 Alill

1558 2000 1588 2043 S
1618 2023 1627 2033 ·
1658 2000 1793 2043 EST

1560 2138 1810 2182 ARINO·

1617 2208 1774 2256 VM)

700 2325 924 2370 Fragmenta
949 2328 1098 2371 reperta
1123 2337 1155 2360 a.
1182 2327 1272 2362 1869
1296 2326 1333 2359 in
1359 2325 1468 2360 vinea
1493 2323 1808 2360 Ceccarelliorum.

443 2406 637 2452 Descripsi
664 2417 746 2441 cum
781 2406 1003 2443 Bormanno.

442 2464 587 2499 Annius
608 2464 725 2500 Verus
742 2465 866 2500 fasces
885 2466 1007 2510 gessit
1020 2465 1125 2500 annis
1141 2465 1218 2508 106,

348 2523 428 2564 121,
449 2523 526 2558 126.
554 2522 772 2557 Excluditur
790 2534 906 2558 annus
922 2525 989 2557 106
1008 2527 1046 2557 et
1071 2534 1219 2558 numero

347 2581 521 2615 adiuncto
548 2581 582 2614 in
609 2580 680 2615 fine
706 2593 739 2616 v.
758 2582 789 2625 7,
816 2586 854 2616 et
877 2582 1080 2617 litterarum
1107 2583 1222 2617 forma

347 2643 511 2675 aetorum
546 2652 577 2675 a.
604 2641 687 2682 1053
726 2640 773 2675 ad
808 2651 901 2686 quae
935 2641 989 2675 sic
1028 2641 1222 2676 referenda

345 2702 474 2732 essent
499 2699 622 2744 capita
640 2710 734 2744 quae
754 2699 981 2745 praecedunt
999 2701 1218 2734 mentionem

345 2757 572 2792 consulatus.
623 2758 715 2792 Item
758 2757 964 2792 reiciendus
1009 2761 1066 2792 est
1103 2769 1218 2793 annus

346 2816 424 2858 121,
452 2827 532 2851 cum
553 2817 699 2861 integra
717 2816 800 2851 anni
824 2817 891 2852 120
917 2819 1000 2851 acta
1019 2817 1215 2862 supersint.

347 2874 479 2909 Restat
528 2875 630 2909 solus
671 2885 788 2909 annus
839 2876 918 2917 126,
969 2886 1040 2920 quo
1092 2875 1214 2910 fasces

344 2933 462 2976 gessit
487 2933 609 2968 Verus
647 2933 795 2968 tertium
829 2943 909 2967 cum
935 2934 1056 2978 Eggio
1083 2934 1213 2968 Ambi-

343 2990 429 3025 bulo
455 2991 611 3036 collega.

436 3065 458 3084 α
486 3051 511 3094 ¹)
538 3051 713 3095 consules
742 3051 893 3086 indicati
933 3055 1037 3085 erant
1064 3050 1213 3085 nuudini

343 3107 495 3141 secundi
513 3110 632 3152 a.12(3‚
645 3112 780 3157 quippe
797 3121 868 3156 quo
884 3110 1030 3156 piacula
1044 3109 1216 3144 facienda

342 3170 470 3200 essent
495 3167 542 3201 ob
567 3169 786 3215 scripturam
813 3172 976 3203 aetorum
1009 3180 1040 3203 a.
1068 3170 1144 3204 125.

1382 2406 1409 2442 ‘²1
1434 2406 1572 2441 mentio
1599 2416 1736 2448 eorum,
1763 2415 1830 2451 per
1854 2414 1949 2450 quos
1974 2405 2158 2451 piaculum

1289 2464 1423 2499 factum
1449 2468 1518 2506 est,
1545 2463 1689 2498 videtur
1706 2463 1845 2498 omissa
1862 2474 1960 2506 esse,
1986 2475 2066 2499 cum
2085 2474 2157 2499 non

1290 2522 1451 2558 sufficiat
1490 2522 1648 2569 spatium
1690 2521 1736 2556 ad
1786 2522 2033 2568 recipiendum
2077 2533 2156 2558 eam

1291 2592 1496 2627 nomenque
1524 2581 1700 2626 magistri.

1385 2641 1411 2682 3)
1438 2641 1492 2675 sie
1506 2641 1663 2682 restitui,
1684 2639 1780 2686 quod
1797 2642 1948 2685 propter
1961 2643 2156 2684 angustum

1288 2700 1448 2746 spatium
1475 2710 1545 2734 nec
1570 2709 1702 2734 nomen
1728 2697 1895 2742 magistri
1923 2708 1991 2732 nec
2017 2699 2155 2733 mentio

1287 2759 1462 2793 calatoris
1489 2758 1632 2792 videtur
1658 2756 1802 2792 admitti
1828 2767 1952 2803 posse.

1380 2818 1398 2850 b
1413 2829 1430 2850 c
1455 2816 1660 2861 fragmenta
1674 2818 1760 2852 sunt
1774 2816 1880 2850 nimis
1899 2815 2032 2861 exigua
2048 2826 2156 2862 quam

1285 2886 1380 2921 quae
1390 2875 1536 2910 restitui
1546 2876 1714 2921 possint:
1730 2885 1946 2922 quamquam
1964 2885 2020 2909 vv.
2036 2874 2154 2909 ultimi

1284 2934 1477 2979 fragmenti
1503 2935 1522 2968 b
1540 2933 1586 2969 ud
1601 2933 1782 2980 piaculum
1801 2933 1970 2969 videntur
1983 2937 2154 2980 spectare

1285 2993 1331 3026 ob
1358 2993 1571 3028 inlationem
1598 2993 1683 3028 ferri
1711 2993 1855 3034 factum,
1884 2995 1924 3026 ut
1950 2991 1996 3026 ad
2022 3003 2154 3027 annum

1284 3051 1478 3086 referenda
1503 3052 1578 3087 sint
1595 3051 1671 3087 127.
1699 3051 1842 3086 Versus
1866 3054 1986 3093 autem
2013 3051 2154 3097 priores

1285 3109 1330 3144 ad
1344 3110 1488 3145 litteras
1499 3109 1967 3156 veledictumimperutoris
1986 3109 2156 3145 videntur

1286 3170 1481 3214 pertinere.
