2340 3658
1038 154 1079 190 C.
1107 154 1257 191 Caesar.

1976 171 2059 198 XLV

174 285 208 311 ιι
247 270 408 312 Taurus
436 270 628 312 Statilius
658 272 862 313 Corvinus
886 253 1170 324 promagister
1201 269 1373 323 collegii
1404 268 1582 311 fratrum
1614 271 1838 314 Arvalium

301 341 463 381 nomine
490 353 661 381 vaccam
692 341 749 381 od
778 351 900 381 aram
929 338 1235 382 Providentiae
1265 338 1488 393 Augustae

177 347 209 374 15

298 409 526 450 inmolavit.

243 477 468 530 adfuerunt
506 478 678 519 Paullus
714 477 868 532 Fabius
905 479 1115 528 Persicus,
1151 477 1204 518 M.
1243 477 1393 519 Furius
1434 475 1659 531 Camillus,
1705 475 1872 531 Appius
1908 476 2059 522 Iunius

1861 544 2061 614 [Silanus.

312 616 417 664 Ser.
465 617 630 665 Asinio
677 617 864 679 Celere,
922 619 981 665 A.
1025 617 1277 678 (?Seae.?)
1319 614 1476 664 Nonio
1523 604 2063 682 Quinctiliano-effffff:

300 779 435 826 acute)
465 776 612 826 dsiem)
645 810 953 820 ........

1778 693 2061 763 1S(u1ibus>²)

177 853 213 877 ²⁰
249 847 410 888 Taurus
436 845 628 887 Statilius
659 847 861 888 Corvinus
888 848 1166 900 promayister
1196 846 1361 900 collegii
1391 845 1570 889 fratrum
1599 846 1824 888 Arvalium

176 1267 211 1293 25

174 1619 209 1645 ³0

299 915 463 956 nomine
496 915 540 955 in
578 915 785 968 Capitolio
816 915 867 957 ob
900 948 1122 956 ......

298 1053 527 1095 inmolavit.

1156 947 1165 956 .
1201 948 1209 957 .
1243 948 1251 956 .
1286 948 1294 956 .
1335 928 1431 958 ares
1468 915 1561 957 Iovi
1601 915 1801 971 o(ptim0)
1838 915 2064 972 ma(xim0)

1696 983 1866 1050 'bovem
1901 997 2064 1027 marem

243 1122 469 1174 adfuerunt
498 1123 670 1164 Paullus
698 1122 853 1164 Fabius
882 1123 1091 1172 Persicus,
1122 1123 1175 1163 M.
1206 1123 1358 1164 Furius
1388 1122 1607 1178 Camillus,
1639 1122 1807 1178 Appius
1838 1122 1986 1165 Iunius

297 1191 482 1242 Silanus.

303 1264 420 1310 asnte
450 1260 598 1311 d(iem)
630 1292 899 1303 .......

245 1328 407 1370 Taurus
436 1329 629 1370 Statilius
660 1329 862 1371 Corvinus
888 1331 1166 1383 promayister
1195 1330 1358 1383 colleqii
1388 1329 1565 1371 fratrum
1597 1328 1821 1372 Arvalium

298 1399 463 1439 nomine
494 1430 1109 1441 ...............
1147 1411 1320 1439 vaccam
1350 1398 1586 1441 inmolavit.

243 1466 468 1520 adfuerunt
497 1468 668 1508 Paullus
698 1468 851 1509 Fabius
881 1469 1083 1517 Persicus,
1116 1467 1168 1507 M.
1201 1468 1352 1508 Furius
1385 1467 1598 1522 Camillus,
1627 1466 1795 1523 Appius

298 1536 446 1576 Iunius
473 1536 658 1578 Silanus.

299 1609 435 1655 asnte)
466 1605 614 1655 dsiem)
647 1636 1000 1648 .........
1022 1605 1055 1659 ³)

244 1672 406 1715 Taurus
435 1674 628 1715 Statilius
659 1674 862 1716 Corvinus
888 1677 1167 1729 promaqister
1197 1675 1360 1728 colleyii
1387 1675 1570 1727 fratrum
1600 1674 1824 1718 Arvalium

300 1744 464 1784 nomine
494 1774 1149 1786 ................

301 1812 529 1853 inmolavit.

1183 1776 1193 1785 .
1226 1777 1234 1785 .
1268 1777 1278 1786 .
1311 1776 1319 1784 .
1352 1744 1500 1785 bovem
1530 1756 1690 1786 marem

246 1880 473 1933 adfuerunt
500 1881 672 1922 Paullus
701 1881 858 1922 Fabius
887 1882 1091 1930 Persicus,
1121 1881 1175 1922 M.
1206 1881 1359 1922 Furius
1391 1882 1601 1932 Camillus,
1633 1880 1798 1937 Appius
1828 1880 1977 1923 Iunius

339 1994 369 2038 ²)
395 1993 588 2029 consulum
606 1995 755 2030 nomina
771 1995 918 2030 restitui
936 2005 983 2030 ex
999 1995 1118 2030 Fron-

246 2054 327 2089 tino
351 2066 432 2098 aqu.
450 2053 520 2089 102
538 2052 597 2088 ed.
616 2052 813 2096 Bucheler‚
839 2054 902 2099 qui
922 2064 968 2088 ex
987 2053 1120 2089 codiee

247 2111 426 2148 Casinate
451 2111 605 2146 exhibet
629 2111 703 2146 sie:
729 2111 883 2147 Laenati
899 2113 1034 2157 Aquila
1058 2113 1120 2147 Iu-

249 2171 345 2205 liano
382 2177 415 2204 et
444 2170 560 2204 Nonio
596 2170 796 2214 Asprenate
834 2172 1034 2206 consulibus
1069 2171 1119 2204 M.

248 2229 396 2264 Porcius
422 2227 528 2270 Cam
559 2230 640 2263 huie
670 2231 834 2264 successit
859 2237 943 2276 post
972 2241 1123 2264 mensem

248 2287 324 2323 Ser.
350 2287 472 2322 Asinio
497 2286 616 2322 Celere
642 2288 674 2321 A
699 2313 708 2322 .
729 2313 737 2322 .
762 2289 855 2322 tonio
884 2288 1124 2330 Quini-liliano

249 2347 450 2382 consulibus
475 2346 517 2378 A.
544 2345 674 2380 Didius
701 2347 841 2381 Gallus.
893 2346 987 2382 Cato
1011 2346 1125 2391 igitur

250 2405 335 2440 iniit
365 2415 489 2440 curam
514 2415 689 2450 aquarum
719 2415 847 2440 mense
874 2405 981 2440 Iunio
1008 2416 1040 2441 a.
1066 2406 1123 2447 38,

251 2463 428 2510 deposuit
443 2463 503 2499 vel
526 2463 605 2498 vita
621 2462 770 2498 functus
797 2466 857 2499 est
879 2474 1009 2499 mense
1028 2463 1122 2499 Iulio

251 2522 339 2558 anni
373 2521 559 2564 eiusdem,
591 2532 662 2556 nec
695 2521 733 2556 in
768 2522 893 2557 verbis
926 2522 1124 2568 quicquam

253 2580 510 2626 corrigendum
526 2582 676 2626 praeter
689 2580 920 2626 corruptelas
940 2581 1125 2616 nominum

256 2638 510 2684 Quinctiliani.

347 2697 375 2741 3)
400 2698 439 2732 in
456 2697 700 2734 restituendis
720 2697 779 2742 iis,
798 2707 893 2742 quae
911 2698 1126 2741 sequuntur,

254 2756 380 2803 paullo
412 2755 593 2791 audacius
627 2755 714 2791 olim
748 2757 919 2790 versatus
952 2765 1030 2789 sum
1064 2754 1127 2798 (cf.

255 2814 483 2856 RelazioneJ:
510 2814 547 2849 in
565 2813 675 2850 fastis
701 2814 799 2849 enim
817 2812 1062 2848 Amiterninis
1089 2815 1128 2847 et

257 2872 477 2908 Antiatibus
503 2882 584 2907 eum
603 2871 718 2907 feriae
735 2872 988 2917 proponantur
1013 2870 1128 2906 natali

258 2931 342 2966 Divi
368 2930 455 2966 Iulii
479 2941 511 2965 a.
537 2929 571 2963 d.
597 2929 673 2964 1111
699 2929 782 2964 idus
806 2928 919 2964 Iulias
945 2928 1007 2971 (cf.
1032 2928 1072 2964 C.
1098 2927 1127 2964 1.

257 2988 302 3023 L.
323 2990 342 3023 1
368 2999 404 3035 p.
421 2989 493 3025 324
510 2990 548 3023 et
564 2988 662 3031 328),
686 2987 723 3021 in
742 2986 986 3022 Vallensibus
1007 2989 1129 3022 autem

257 3047 389 3082 natalis
418 3047 633 3083 Tijolaudii
651 3046 855 3081 Germanici
876 3045 923 3079 ad
949 3044 1131 3080 kalendas

258 3105 452 3149 Augustas
471 3103 672 3157 adnotatus
690 3104 741 3138 sit
753 3103 814 3147 (cf.
830 3103 934 3139 Suet.
950 3103 1076 3137 Claud.
1091 3104 1129 3148 2;

260 3162 334 3198 Dio
350 3163 407 3205 60,
425 3163 475 3206 5),
501 3163 627 3197 horum
653 3161 798 3196 natales
824 3161 860 3196 in
879 3163 965 3196 aeta
983 3171 1130 3207 quoque

260 3219 450 3256 Arvalium
468 3219 608 3256 relatos
627 3230 711 3256 esse
730 3219 852 3267 posui.
887 3219 939 3255 Et
956 3218 1002 3254 de
1020 3218 1129 3254 Clau-

1189 1995 1251 2030 dio
1284 1995 1431 2040 quidem
1465 1995 1613 2030 videtur
1644 1994 1806 2030 dubitari
1843 1995 1905 2029 vix
1936 2005 2062 2040 posse,

1189 2064 1271 2088 cum
1303 2054 1443 2095 omnia,
1478 2064 1572 2099 quae
1607 2053 1654 2087 ad
1682 2053 1855 2088 familiam
1882 2053 2063 2099 principis

1190 2112 1391 2158 pertinent,
1417 2114 1592 2147 accurate-
1618 2111 1665 2145 ab
1691 2111 1887 2146 Arvalibus
1918 2111 1956 2146 in
1982 2116 2067 2146 acta

1190 2170 1311 2205 relata
1342 2170 1434 2212 siut,
1473 2169 1650 2205 Claudius
1694 2172 1817 2204 autem
1856 2174 1968 2205 antea
2000 2182 2064 2205 ne-

1191 2228 1337 2273 glectus
1369 2239 1390 2262 a
1425 2228 1476 2269 G„
1499 2228 1662 2263 Caesare
1700 2228 1831 2263 consul
1866 2229 1986 2264 faetus
2019 2229 2064 2262 ad

1192 2289 1339 2332 tempus
1372 2289 1473 2321 certe
1507 2285 1710 2321 honorifice
1742 2286 1892 2322 habitus
1928 2287 1979 2321 sit
2005 2286 2067 2332 (cf.

1194 2345 1294 2380 Suet.
1322 2344 1448 2379 Claud.
1476 2345 1524 2388 7,).
1575 2347 1623 2380 At
1656 2345 1765 2380 valde
1798 2345 1948 2380 dubium
1983 2357 2066 2380 num

1194 2403 1309 2438 Divus
1336 2414 1484 2449 quoque
1502 2403 1618 2438 Iulius
1644 2404 1758 2439 natali
1784 2414 1851 2439 suo
1870 2403 2067 2439 sacrifieiis

1194 2461 1240 2495 ab
1260 2461 1460 2496 Arvalibus
1480 2461 1694 2496 celebratus
1722 2462 1783 2504 sit,
1810 2472 1891 2497 cum
1917 2464 1955 2496 in
1971 2462 2067 2497 actis

1194 2519 1294 2554 nulla
1320 2519 1400 2554 eius
1431 2520 1571 2555 mentio
1598 2520 1670 2555 fiat.
1721 2521 1926 2555 Praeterea
1957 2520 2069 2555 etiam

1194 2576 1329 2612 natalis
1356 2576 1398 2612 C.
1418 2577 1591 2613 Caesaris
1616 2579 1792 2623 Augusti,
1821 2578 1883 2624 qui
1909 2581 1969 2613 est
1994 2579 2067 2624 pri-

1195 2634 1255 2670 die
1281 2634 1463 2670 kalendas
1491 2636 1732 2682 Septembres
1771 2637 1878 2680 (fast.
1903 2637 2005 2671 Vall.
2032 2639 2071 2671 et

1195 2694 1324 2739 Pigh.;
1345 2693 1446 2730 Suet.
1468 2694 1542 2728 Cal.
1562 2696 1604 2735 8,·
1627 2696 1700 2729 vica
1720 2696 1896 2729 Commodi
1914 2696 1958 2730 10
1971 2699 2010 2731 et
2024 2697 2071 2739 1),

1197 2754 1292 2788 actis
1306 2753 1538 2799 perscriptus
1549 2753 1661 2788 fuerit
1673 2763 1830 2788 neeesse
1846 2756 1914 2787 est.
1936 2753 2070 2796 Quam-

1198 2811 1325 2846 obrem
1350 2810 1441 2846 licet
1465 2813 1604 2845 tantum
1631 2821 1704 2846 non
1731 2813 1870 2846 certum
1903 2811 1953 2846 sit
1978 2811 2071 2846 duos

1198 2868 1332 2904 saltem
1376 2869 1520 2904 natales
1566 2869 1602 2903 in
1644 2869 1714 2904 hae
1757 2872 1862 2915 parte
1907 2871 2071 2904 actorum

1198 2927 1360 2973 scriptos
1379 2927 1495 2963 fuisse
1523 2928 1619 2972 (nam
1646 2926 1707 2971 agi
1734 2926 1780 2960 de
1798 2927 1985 2961 natalibus
2011 2938 2073 2962 ee-

1200 2985 1389 3021 lebrandis
1423 2996 1567 3032 paucae
1600 2985 1710 3020 etiam
1745 2995 1840 3030 quae
1874 2989 2075 3032 supersunt

1200 3047 1366 3079 actorum
1392 3044 1572 3090 reliquiae
1599 3043 1692 3078 satis
1719 3042 1966 3088 significant),
1992 3053 2074 3078 eum

1201 3102 1347 3148 quinam
1382 3102 1517 3137 fuerint
1553 3100 1797 3136 demonstrari
1823 3105 2002 3147 nequeat,
2037 3102 2074 3136 in

1201 3162 1299 3196 notis
1326 3171 1391 3196 eos
1418 3159 1583 3195 indicare
1608 3170 1715 3204 quam
1742 3159 1779 3193 in
1805 3161 1946 3194 textum
1981 3159 2073 3194 reei-

1200 3230 1289 3265 pere
1315 3219 1435 3254 malui.

2117 285 2143 303 a.
2170 279 2202 303 33
