2340 3658
351 183 430 230 142
1161 181 1326 221 Piacula.

452 303 571 340 Anno
603 299 672 338 183
699 300 807 338 facta
835 305 925 338 sunt
949 299 1108 350 piacula
1135 301 1295 348 maiora,
1324 300 1430 350 quod
1458 301 1531 339 fico
1558 300 1596 340 in
1624 301 1783 352 fastigio
1824 301 1934 343 aedis
1962 305 2058 342 nata
2084 315 2148 342 ca-

350 367 515 406 vendum
545 368 630 403 erat
656 374 704 400 ne
732 362 829 400 haec
859 364 1109 400 everteretur.
1165 361 1350 401 Similiter
1382 368 1515 402 narrat
1543 365 1695 403 Plinius
1725 365 1773 415 (n.
1803 367 1835 405 h.
1868 369 1925 416 15,
1954 366 2039 417 77):
2072 369 2150 417 suit

349 437 380 467 et
406 437 486 467 ante
512 429 663 467 Saturni
691 427 815 462 aedem
843 425 963 473 (ficus)
992 426 1091 462 urbis
1119 439 1215 463 anno
1242 426 1317 463 260
1343 428 1488 465 sublata
1513 441 1619 465 sacro
1649 441 1673 464 a
1704 429 1905 467 Vestalibus
1922 432 2042 479 sacto,
2069 442 2149 468 cum

347 493 490 532 Silvani
514 491 748 527 stmulacrwn
772 489 996 526 subverteret.
1052 489 1112 526 De
1154 488 1236 526 ficis
1278 489 1317 527 in
1352 491 1442 528 luco
1471 503 1584 529 sacro
1625 491 1726 530 natis
1755 493 1804 530 of.
1834 493 1978 531 Festus
2007 492 2068 531 ed.
2096 493 2148 532 M.

350 557 421 593 169
448 568 475 591 s.
503 567 535 592 v.
565 553 694 589 Navia
721 554 761 590 et
787 551 936 589 Plinius
965 552 987 589 l.
1017 563 1050 589 c.
1091 574 1141 578 —
1183 555 1299 590 Anno
1329 554 1560 591 autem.224
1590 555 1696 604 quod
1736 556 1892 605 piacula
1924 557 2033 595 facta
2059 561 2150 596 sunt

348 618 508 665 maiora,
537 615 576 653 id
604 615 694 653 inde
723 615 876 652 videtur
903 614 1105 664 explicari,
1136 615 1241 664 quod
1270 616 1430 654 arbores
1461 629 1536 654 non
1564 617 1686 655 solum
1715 623 1909 657 vetustate
1937 624 2147 669 tempesta-

350 687 436 720 teve
464 678 700 724 ceciderant,
730 677 799 714 sed
829 683 1009 715 arserant
1047 677 1125 715 ictu
1162 678 1332 716 fulminis
1376 684 1559 730 attactae,
1587 681 1688 719 unde
1717 683 1911 720 eruendae
1939 693 2150 733 earumque

347 746 435 782 loco
477 743 575 780 aliae
615 740 879 779 restituendae
922 744 1043 779 erant.
1100 741 1220 791 Ipsae
1261 746 1388 780 autem
1428 743 1589 781 arbores
1630 747 1803 784 attactae
1838 745 2019 783 dicuntur
2045 746 2148 784 ferro

350 808 464 845 fissae
494 818 600 843 esse:
631 805 789 842 verbum
818 804 917 840 enim
946 804 1052 853 quod
1082 804 1187 854 apud
1215 804 1400 843 Ursinum
1429 806 1571 854 legitur
1594 807 1901 858 pendendccrotm)
1939 808 2148 847 emendan-

351 871 438 908 dum
470 881 555 906 esse
583 869 622 905 in
652 865 952 917 [splendendarwn
981 867 1060 905 sive
1091 867 1399 917 [spndendaruva
1433 869 1583 918 priores
1613 875 1782 919 secutus,
1821 871 1914 910 licet
1949 871 2146 916 dubitans,

348 939 454 972 recte
483 931 689 982 proposuit
716 930 905 968 Marinius
936 930 990 979 (p.
1019 930 1123 980 679).
1179 931 1288 969 Idem
1318 932 1548 970 vocabulum
1591 940 1745 971 attactae
1786 934 1985 984 proprium
2025 935 2147 973 fuisse

346 996 620 1046 haruspicinae
649 1005 697 1031 ex
727 993 855 1031 verbis
887 993 996 1031 Festi
1027 993 1103 1043 (ed.
1133 995 1182 1031 M.
1213 1007 1248 1044 p.
1279 996 1368 1044 333)
1411 995 1581 1044 collegit,
1625 998 1689 1046 qui
1732 997 1779 1035 de
1811 998 1960 1048 puteali
1990 996 2147 1036 Scribo-

347 1062 462 1100 niano
492 1059 611 1097 verba
639 1058 786 1095 faciens
816 1068 862 1093 ea
889 1068 985 1093 vore
1015 1056 1167 1095 videtur
1194 1070 1286 1096 usus
1316 1070 1414 1096 esse.
1463 1059 1595 1108 Ligna
1615 1059 1756 1098 deinde
1784 1061 1879 1099 fissa
1906 1074 1982 1100 non
2007 1072 2148 1111 expor-

344 1128 428 1163 tata
454 1135 502 1161 ex
530 1123 619 1160 luco
649 1124 738 1157 sunt
766 1119 829 1170 (ef.
861 1131 893 1157 a.
923 1118 1012 1168 38),
1042 1120 1112 1157 sed
1141 1121 1189 1158 ad
1219 1122 1410 1160 sacrificia
1438 1127 1478 1160 ut
1512 1122 1666 1161 videtur
1707 1123 1885 1163 adhibita
1913 1125 1976 1174 (cf.
2006 1136 2040 1163 a.
2072 1124 2146 1173 14),

347 1188 407 1227 vel
434 1187 472 1224 in
499 1186 685 1222 honorem
717 1183 878 1221 deorum
907 1183 1131 1222 combusta:
1161 1184 1208 1221 de
1238 1185 1358 1222 verbo
1386 1185 1486 1222 enim
1515 1187 1687 1223 adolendi
1716 1187 1853 1226 scribit
1881 1187 2036 1237 quidem
2065 1186 2146 1225 No—

346 1252 432 1289 nius
461 1250 512 1299 (p.
541 1248 589 1286 58
619 1246 681 1285 ed.
709 1246 864 1293 Mero.):
893 1247 1041 1284 adolere,
1067 1248 1213 1284 verbum.
1241 1254 1289 1285 est
1311 1251 1468 1298 proprie
1494 1262 1604 1286 sacra
1630 1250 1865 1296 reddentium,
1906 1251 2006 1300 quod
2039 1253 2147 1300 §fyni-

336 1317 429 1364 ficat
454 1314 546 1350 votis
574 1323 617 1347 ac
643 1310 971 1358 supplicationibus
996 1323 1125 1347 numen
1153 1313 1291 1348 auctius
1309 1313 1439 1360 facere
1468 1318 1554 1361 cet„
1582 1313 1676 1351 alibi
1704 1318 1833 1352 autem
1861 1312 1916 1363 (p.
1937 1311 2028 1362 247)
2057 1314 2147 1351 ado-

345 1380 427 1422 lere,
469 1375 573 1422 dicit,
616 1378 665 1410 est
702 1383 818 1409 urere.
882 1373 988 1422 Verq.
1029 1376 1067 1410 in
1099 1373 1305 1411 Bucolicis.-
1343 1375 1584 1424 verbenasque
1622 1378 1730 1414 adole
1752 1379 1901 1427 pinquis
1927 1382 1959 1414 et
1984 1377 2148 1414 mascula

347 1448 430 1477 tura
459 1445 530 1476 cet.
590 1435 776 1474 Similiter
805 1435 965 1473 Servius
995 1438 1046 1473 acl
1082 1438 1187 1487 Ver-9.
1215 1438 1307 1476 Aen.
1342 1440 1374 1485 l,
1406 1437 1499 1476 704:
1518 1440 1682 1488 flammis
1709 1442 1855 1478 adolere
1880 1447 2038 1490 penates,
2063 1442 2088 1478 τ’,
2116 1453 2145 1478 e.

345 1504 471 1547 colere,
498 1501 561 1538 sed
589 1499 734 1536 adolere
762 1504 811 1535 est
832 1502 987 1548 proprie
1027 1513 1169 1550 (cupere.
1224 1503 1273 1538 In
1307 1504 1423 1539 sacris
1450 1507 1566 1539 autem
1596 1502 1685 1539 κατ’
1713 1499 1971 1554 εὐφημισμὸν
1998 1504 2145 1541 adolere

341 1580 410 1616 per
438 1567 567 1602 bonum
597 1576 697 1599 omen
725 1563 867 1607 dicitur,
894 1575 979 1599 nam
1006 1565 1043 1600 in
1071 1567 1147 1600 aris
1173 1578 1244 1602 uon
1272 1566 1462 1602 adolentur
1491 1565 1628 1613 aliqua,
1655 1567 1719 1603 sed
1745 1573 1967 1614 cremantur5
2001 1567 2052 1606 id.
2095 1569 2146 1605 ad

350 1629 431 1666 ΕΟΖ.
450 1629 484 1676 8,
501 1627 567 1664 65:
598 1626 722 1662 adole:
749 1627 909 1671 ‘lm-ende,
926 1627 990 1662 sed
1004 1622 1089 1664 κατ’
1109 1623 1365 1678 εὐτ[’«))μισ,ιιδν
1382 1629 1536 1675 dicitur5
1561 1641 1647 1665 nam
1673 1630 1779 1667 adole
1798 1637 1847 1668 est
1865 1643 1966 1682 auye.
1982 1653 2034 1659 —
2048 1630 2147 1670 Ver-

348 1694 435 1731 bum
465 1689 570 1740 quod
599 1689 774 1738 sequitur
802 1690 1037 1726 commolendi
1063 1689 1164 1727 iden]
1194 1690 1346 1728 videtur
1374 1691 1593 1740 significare
1623 1696 1740 1742 atque
1760 1693 1865 1743 quod
1894 1694 2030 1732 eodem
2058 1695 2146 1733 loco

343 1761 485 1805 postea
512 1752 670 1802 ponitur
697 1754 913 1801 eoe'nquendv'
940 1753 1176 1790 vocabulum
1206 1753 1270 1802 (cf.
1300 1754 1442 1791 Marini
1469 1766 1506 1803 p.
1537 1755 1611 1792 382
1641 1761 1679 1794 et
1707 1756 1815 1806 680):
1857 1756 1904 1794 de
1937 1768 2014 1807 quo
2055 1756 2144 1795 vide

344 1818 393 1857 ad
415 1822 505 1855 acta
525 1815 599 1853 diei
629 1816 791 1853 secundi
822 1816 923 1853 sacri
940 1815 1037 1852 deae
1054 1816 1152 1853 Diae
1175 1828 1211 1865 p.
1229 1816 1289 1854 22.
1320 1815 1488 1866 Vulgari
1506 1818 1606 1855 enim
1628 1818 1735 1856 verbi
1754 1819 2012 1858 commolendi
2027 1813 2147 1870 'signi-

343 1880 524 1927 ficationi,
554 1891 654 1928 quae
684 1879 734 1916 ad
763 1891 926 1926 granum
956 1879 1235 1917 conterendum
1264 1880 1445 1929 pertinet,
1476 1881 1585 1918 locus
1616 1881 1676 1919 hic
1706 1893 1780 1919 non
1822 1887 1892 1921 est.
1949 1882 2148 1922 Videntur

342 1945 461 1994 igitur
489 1955 563 1980 non
593 1954 727 1980 omnes
757 1943 918 1981 arbores
949 1945 1159 1991 crematae,
1189 1943 1258 1981 sed
1287 1955 1388 1993 quae
1417 1943 1541 1982 minus
1571 1945 1700 1983 damni
1730 1957 1873 1995 passae
1915 1952 2039 1996 erant,
2080 1947 2146 1985 de—

342 2007 490 2057 putatis
520 2005 753 2055 quibusdam
782 2005 899 2042 ramis
928 2006 966 2043 in
994 2006 1081 2044 luco
1118 2007 1281 2046 relictae
1323 2018 1421 2044 esse.
1465 2029 1515 2034 κ-
1555 2010 1659 2046 Aras
1703 2008 1870 2058 denique
1910 2010 2146 2060 temporales

348 2071 470 2108 fuisse
519 2069 570 2107 ad
622 2075 774 2118 tempus
823 2068 970 2118 factas,
1020 2070 1270 2119 caespiticias
1318 2072 1504 2120 fortasse,
1553 2072 1739 2110 Marinius
1789 2072 1850 2123 (p.
1892 2072 1988 2123 683)
2029 2085 2150 2123 expo-

343 2134 439 2182 suit,
481 2133 546 2182 qui
579 2131 755 2181 dubitat,
796 2137 922 2170 utrum
961 2145 1059 2183 quae
1095 2133 1134 2170 in
1169 2133 1300 2183 lapide
1337 2137 1477 2172 extant
1508 2139 1625 2173 notae
1655 2134 1817 2175 SACR.
1846 2135 1896 2174 D.
1923 2135 1973 2174 D.
2003 2137 2148 2174 omisso

343 2209 413 2246 per
442 2208 610 2234 errorem
640 2196 759 2234 verbo
795 2196 868 2232 luci
896 2196 1168 2246 explicandae,
1199 2209 1245 2234 an
1285 2198 1475 2248 scaenarii)
1506 2198 1625 2248 (Reae)
1656 2198 1784 2249 Docte)
1821 2197 2016 2247 legendae
2059 2199 2146 2237 sint.

344 2259 549 2298 Piaculum
592 2264 719 2296 autem
760 2257 865 2308 quod
907 2259 1116 2297 inchoandi
1157 2260 1286 2308 operis
1335 2272 1458 2299 causa
1502 2262 1647 2300 factum
1693 2266 1796 2310 erat,
1838 2261 2045 2311 repetitum
2088 2266 2150 2300 est

343 2324 473 2372 operis
505 2321 667 2373 perfecti
697 2333 827 2359 causa.

905 2658 940 2699 b.
990 2671 1016 2698 a
1047 2671 1124 2711 quo
1154 2658 1272 2711 facta
1301 2659 1383 2699 sint
1411 2658 1592 2710 piacula.

347 2747 426 2791 183
813 2749 881 2789 ille
917 2749 1171 2804 magfister).

345 2828 427 2870 218
815 2825 1056 2884 [collegium
1087 2829 1263 2873 fratrum
1293 2827 1529 2888 Arvalium]
1561 2844 1636 2887 per
1671 2830 1850 2875 eundem
1894 2815 2010 2874 illum
2053 2844 2147 2887 pro·

871 2899 1133 2952 magistrum.
1157 2897 1189 2952 1>

816 2966 841 3009 ¹)
867 2967 984 3010 lapide
999 2968 1123 3011 fracto
1150 2968 1328 3001 intercidit
1359 2968 1398 3001 in
1436 2970 1524 3002 actis
1561 2971 1678 3014 operis
1713 2969 1913 3009 inchoandi,
1953 2970 1987 3002 in
2025 2971 2148 3012 quibus

878 3016 1042 3048 similiter
1063 3022 1148 3057 puto
1172 3016 1340 3058 scriptum
1358 3015 1486 3059 fuisse.

348 3083 430 3123 224
812 3082 964 3127 fratres
994 3084 1176 3126 Arvales
1207 3082 1250 3124 in
1281 3089 1354 3124 cet.
1388 3085 1710 3140 conv(enerunt)
1734 3085 1764 3139 ¹)
1808 3098 1883 3140 per
1919 3086 2031 3127 illum
2062 3097 2147 3127 ma-

868 3153 1078 3208 g(istrum)
1110 3156 1150 3194 et
1179 3151 1236 3194 ibi
1268 3151 1572 3209 imm(olarunt)
1595 3153 1626 3209 ²)

816 3222 839 3259 ¹)
866 3223 1168 3265 convener(unt);

811 3281 837 3321 ²)
866 3277 1171 3323 immolav1erunt)
1200 3287 1278 3314 acta
1304 3292 1356 3323 op.
1382 3281 1474 3325 pers.
