2340 3658
348 185 404 226 32
1070 183 1174 219 Sacri
1201 182 1292 218 deae
1320 183 1414 219 Diae

349 299 521 349 publicis
551 301 777 338 desciderunt
804 298 856 337 ad
883 299 1015 349 fruges
1043 298 1235 348 petendas
1265 303 1304 337 et
1331 299 1479 338 reversi
1507 298 1649 337 dextra
1669 296 1875 344 dederunt,
1902 297 2017 335 laeva
2042 307 2146 335 rece-

351 367 503 412 perunt,
532 362 672 401 deinde
701 363 751 400 ad
778 362 1005 400 alterutrum
1034 361 1109 399 sibi
1135 361 1391 400 reddiderunt
1418 361 1492 409 (sc.
1522 359 1717 410 collegae)
1743 361 1785 398 et
1817 358 1986 409 publicis
2015 359 2148 408 fruges

350 425 604 464 tradiderunt.
647 447 696 452 —
736 425 911 464 Verbum
950 425 989 462 111
1030 424 1127 462 actis
1170 428 1398 474 usurpatum
1441 424 1546 474 quod
1582 427 1643 462 est
1678 423 1920 469 desciderunt,
1960 421 2149 460 Μαι-1111118

352 488 404 538 (p.
426 489 516 536 592)
545 487 688 526 dictum
718 499 803 526 esse
831 492 944 538 putat
970 499 1042 538 pro
1071 487 1317 533 discederunt,
1352 487 1393 524 id
1429 490 1489 525 est
1524 488 1778 530 discesserunt,
1819 484 2034 535 eodemque
2069 485 2149 523 fere

351 551 466 589 modo
496 550 653 589 verbum
682 551 873 600 intellegit
891 552 1154 589 Mommsenus
1184 550 1240 599 (G.
1257 551 1290 587 I.
1307 551 1354 588 L.
1387 551 1406 588 1
1435 562 1474 600 p.
1498 550 1572 601 10).
1609 549 1710 588 Mihi
1735 553 1865 587 tamen
1891 547 2046 586 videtur
2059 558 2149 585 esse

351 615 475 651 forma
502 613 694 663 quaedam
722 614 895 662 vulgaris
924 625 995 663 pro
1025 614 1294 661 descenderunt,
1323 613 1428 662 quod
1455 613 1518 652 hic
1546 613 1789 664 aptissimum
1808 614 1879 660 est,
1908 622 1995 649 cum
2013 609 2151 649 aedem

353 677 390 714 in
421 678 502 715 alto
530 677 699 726 positam
727 677 846 714 fuisse
883 688 931 714 ex
966 676 1012 714 iis
1040 681 1249 725 sequatur,
1287 688 1386 726 quae
1417 675 1465 713 de
1501 687 1667 714 ascensu
1702 675 1908 714 Arvalium
1943 673 1996 713 ad
2022 673 2151 712 lucum

350 739 565 790 aedemque
593 744 709 778 antea
736 739 882 778 tradita
911 743 1010 777 sunt.
1069 739 1286 776 Praeterea
1313 739 1401 776 loco
1428 738 1563 788 paullo
1591 738 1808 788 posteriore
1837 737 2006 776 Arvales
2033 737 2151 788 plane

352 803 536 840 dicuntur
575 805 693 840 lucum
731 804 920 840 descidisse
960 801 1068 851 (acta
1095 814 1129 840 a.
1150 802 1254 851 219),
1292 801 1331 839 in
1372 801 1550 851 actisque
1591 814 1626 840 a.
1648 801 1693 840 87
1735 796 2033 851 legitur'supra
2071 812 2151 851 car-

354 879 455 903 cares
482 868 616 912 escidit,
652 866 715 904 ubi
745 871 878 904 cetera
906 869 1131 904 constanter
1161 864 1347 903 exhibent
1375 867 1537 903 escendit.
1566 887 1617 894 —-
1644 865 1817 915 Fruges,
1853 875 1951 915 quas
1979 863 2148 903 Arvales

347 930 553 978 petebant,
581 928 768 967 Marinius
797 928 839 978 (l.
861 928 911 979 0.)
941 928 1109 966 coniecit
1137 939 1159 965 a
1185 928 1334 978 populo
1359 928 1408 966 ob
1431 929 1656 977 religionem
1677 929 1817 966 allatas
1838 938 1943 965 esse:
1971 927 2152 978 equidem

348 993 482 1042 spicas
511 993 655 1030 virides
685 1005 771 1030 esse
800 991 1050 1039 crediderim,
1089 1002 1185 1041 quas
1220 990 1258 1027 in
1287 990 1396 1040 agris
1426 991 1790 1030 circumiacentibus
1820 989 2048 1030 sacerdotes
2074 990 2152 1041 ipsi

346 1055 552 1104 legissent.
592 1055 668 1103 Qui
696 1068 781 1094 cum
811 1055 861 1093 ad
883 1055 1060 1104 collegas
1081 1054 1348 1102 revertissent,
1377 1055 1501 1104 primo
1531 1054 1686 1104 quidem
1714 1055 1816 1093 alter
1837 1054 1978 1093 dextra
1996 1053 2152 1093 dedisse

357 1118 510 1156 videtur
546 1119 675 1167 alteri,
723 1118 785 1157 hic
827 1118 987 1156 sinistra
1022 1117 1245 1167 recepisse,
1283 1116 1424 1155 deinde
1453 1129 1543 1156 vero
1574 1117 1707 1168 spicae
1735 1116 1787 1155 ad
1815 1121 1968 1156 ceteros
1997 1129 2151 1168 quoque

353 1180 579 1219 sacerdotes
609 1181 809 1230 transisse,
839 1181 905 1231 qui
934 1179 1110 1218 similiter
1138 1191 1206 1217 eas
1238 1180 1380 1229 singuli
1403 1181 1565 1230 siugulis
1587 1181 1739 1229 darent,
1767 1179 1894 1219 donec
1922 1192 2009 1219 cum
2027 1185 2151 1220 totum

347 1244 635 1293 percurrissent
663 1244 860 1287 ordinem,
897 1243 1065 1294 publicis
1094 1242 1354 1281 traderentur.
1411 1244 1526 1283 Licet
1554 1245 1652 1283 enim
1681 1245 1720 1282 in
1749 1243 1848 1282 actis
1877 1255 1910 1282 a.
1931 1244 2005 1282 218
2033 1243 2152 1281 nomi-

348 1307 428 1345 nati
457 1307 683 1345 sacerdotes
711 1319 792 1344 non·
819 1308 896 1345 sint
924 1317 1088 1356 eamque
1118 1306 1167 1344 ob
1197 1318 1356 1345 causam
1377 1307 1564 1346 Marinius
1584 1307 1684 1345 hanc
1705 1317 1860 1357 quoque
1882 1305 2153 1344 caerimoniam

347 1370 398 1408 ad
427 1369 524 1408 duos
552 1370 640 1408 illos
664 1370 832 1408 Arvales
852 1369 1056 1417 rettulerit,
1086 1380 1184 1418 quos
1214 1369 1266 1407 ad
1295 1369 1427 1420 fruges
1450 1370 1643 1421 petendas
1672 1370 1838 1408 vidimus
1868 1368 2102 1408 discessisse
2129 1380 2154 1408 a

348 1433 502 1481 ceteris,
530 1436 658 1471 tamen
688 1445 762 1482 ego
792 1432 977 1471 fratribus
1007 1431 1186 1469 omnibus
1218 1443 1302 1470 eam
1330 1433 1577 1472 tribuendam
1607 1445 1696 1472 esse
1724 1432 1861 1480 credo,
1897 1435 1941 1470 ut
1967 1442 2086 1482 saepe
2114 1431 2153 1470 in

347 1495 406 1533 his
435 1496 547 1543 actis,
577 1508 662 1533 cum
692 1496 742 1534 ab
773 1496 898 1533 altera
926 1495 976 1533 ad
1006 1495 1168 1532 alteram
1201 1506 1278 1532 rem
1308 1496 1508 1544 transitur,
1537 1497 1682 1535 mentio
1711 1507 1842 1534 eorum
1872 1494 2073 1543 omittitur,
2101 1494 2153 1534 ad

347 1571 445 1609 quos
474 1570 578 1597 nova
603 1570 665 1597 res
694 1557 902 1597 referenda
931 1557 991 1596 sit.
1050 1556 1166 1605 Quod
1203 1557 1234 1595 si
1269 1557 1342 1596 hoc
1379 1559 1467 1597 1000
1496 1561 1663 1598 Arvales
1699 1571 1831 1598 omnes
1865 1557 2153 1608 intellegendos

346 1634 434 1660 esse
462 1622 682 1671 negaveris,
710 1622 748 1659 in
775 1622 822 1659 iis
851 1626 979 1660 tamen
1008 1631 1109 1670 quae
1136 1621 1315 1670 proxime
1345 1627 1559 1672 sequuntur
1578 1623 1618 1661 id
1639 1634 1800 1662 necesse
1823 1625 1895 1671 est,
1923 1621 1991 1660 ubi
2018 1621 2152 1660 dicun-

347 1692 408 1723 tur
435 1697 521 1723 cum
548 1685 681 1735 fruges
710 1685 880 1735 publicis
910 1683 1180 1733 tradidissent,
1217 1684 1256 1722 in
1286 1684 1422 1723 aedem
1451 1686 1660 1725 intravisse
1690 1690 1729 1723 et
1756 1685 1858 1723 ollas
1885 1684 2038 1735 precati
2064 1695 2153 1723 esse

348 1753 386 1786 et
414 1749 532 1787 osteis
562 1749 710 1798 apertis
739 1759 810 1798 per
845 1748 985 1786 clivum
1021 1747 1243 1785 iactavisse.
1299 1748 1361 1787 De
1390 1748 1623 1788 adoratione
1651 1749 1812 1787 ollarum
1842 1751 1960 1787 antea
1985 1747 2154 1799 egimus:

347 1811 409 1849 1110
436 1818 615 1851 notamus
644 1813 758 1851 ritum
789 1811 1050 1860 singularem,
1090 1822 1168 1861 quo
1211 1823 1327 1850 sacra
1360 1812 1431 1850 illa
1469 1823 1565 1851 vasa
1597 1823 1668 1862 per
1704 1811 1847 1850 clivum
1875 1811 2155 1851 deiciebantur.

349 1874 463 1923 Quod
492 1875 683 1914 Marinius
713 1875 766 1926 (p.
788 1873 879 1924 593)
911 1874 1102 1924 deceptus
1122 1875 1248 1912 forma
1275 1886 1376 1924 quae
1404 1875 1442 1912 in
1472 1875 1571 1914 actis
1591 1887 1626 1914 a.
1643 1876 1717 1914 218
1747 1875 1894 1925 scripta
1921 1886 2009 1914 esse
2037 1875 2072 1913 ei
2100 1874 2154 1914 vi·

348 1937 514 1976 debatur
541 1950 641 1988 quae
670 1942 731 1976 est
756 1941 954 1983 iacuerunt,
984 1937 1211 1975 sacerdotes
1239 1949 1311 1987 per
1330 1938 1470 1976 clivum
1491 1938 1724 1977 decubuisse
1745 1937 1924 1987 credidit,
1950 1938 2028 1976 iam
2053 1938 2154 1976 refu-

347 2003 470 2039 tatum
484 2006 555 2049 est,
584 2013 670 2039 cum
689 2004 917 2038 metaverant
935 2000 972 2037 111
993 2000 1093 2038 actis
1114 2002 1154 2038 et
1171 2012 1204 2038 a.
1220 2002 1294 2040 219
1315 2006 1355 2039 et
1374 2013 1406 2039 a.
1422 2003 1496 2039 218
1518 2006 1665 2041 certum
1687 2003 1747 2040 sit.
1782 2001 1905 2040 Iactis
1923 2012 1996 2051 per
2014 2000 2155 2039 clivum

347 2064 433 2102 ollis
454 2065 492 2102 in
521 2064 703 2102 subsellis
732 2063 959 2101 marmoreis
989 2063 1251 2103 consederunt
1278 2069 1318 2102 et
1350 2077 1421 2115 per
1447 2065 1627 2115 publicos
1647 2077 1774 2116 panes
1794 2065 1993 2104 laureatos
2020 2063 2156 2114 partiti

348 2131 439 2166 sunt
458 2139 524 2165 eos
552 2128 662 2177 ipsos
682 2128 864 2175 fortasse,
894 2138 992 2176 quos
1021 2127 1145 2176 primo
1175 2128 1277 2166 sacri
1306 2127 1368 2166 die
1397 2129 1435 2166 in
1458 2128 1573 2166 domo
1592 2128 1770 2178 magistri
1803 2127 2052 2177 contigerant
2071 2127 2152 2166 sive

344 2195 633 2229 consecrarant.
673 2190 781 2228 Nota
807 2190 989 2240 publicos
1018 2190 1084 2240 qui
1111 2190 1295 2229 dicuntur
1320 2191 1360 2229 in
1388 2192 1486 2230 actis
1515 2203 1548 2230 a.
1570 2193 1657 2240 218,
1684 2192 1725 2229 in
1753 2191 1851 2230 actis
1872 2189 2094 2229 Alexandri
2115 2191 2153 2228 A

336 2254 526 2302 familiam
552 2254 746 2303 appellari
774 2258 812 2291 et
842 2255 1022 2302 officium,-
1049 2265 1121 2303 pro
1141 2254 1262 2291 verbo
1283 2259 1410 2292 autem
1425 2256 1614 2304 partiendi
1635 2259 1866 2304 usurpatum
1885 2264 1974 2292 esse
1993 2253 2154 2292 verbum

349 2318 547 2362 dividendi,
574 2322 617 2354 ut
645 2315 783 2353 divisio
812 2317 970 2365 panium
999 2316 1050 2354 ad
1077 2317 1263 2366 populum
1283 2320 1533 2368 praesentem
1549 2317 1677 2367 possit
1694 2316 1886 2355 interdum
1906 2316 2153 2367 pertinuisse.

349 2379 550 2417 Subsellia
577 2379 745 2429 quidem,
775 2379 918 2428 quibus
948 2380 1221 2429 consederunt,
1250 2392 1327 2419 non
1354 2385 1467 2430 patet
1495 2385 1620 2418 utrum
1647 2380 1687 2417 in
1716 2379 1813 2417 aede
1842 2379 2004 2428 fuerint,
2045 2390 2094 2417 an
2112 2379 2152 2417 in

347 2443 455 2481 luco:
487 2443 579 2480 mihi
606 2448 737 2480 tamen
766 2442 863 2479 illud
892 2443 971 2481 veri
1001 2443 1160 2481 similius
1190 2443 1342 2482 videtur
1369 2455 1475 2493 esse,
1514 2433 1599 2482 cum
1634 2442 1767 2493 paullo
1802 2444 1899 2492 post
1931 2442 1987 2480 ibi
2013 2442 2153 2481 fratres

346 2506 570 2544 lumemulia
599 2518 685 2543 cum
714 2505 864 2555 rapinis
895 2506 1075 2544 dicantur
1111 2507 1313 2557 accepisse
1350 2511 1389 2545 et
1417 2506 1511 2544 deas
1537 2512 1805 2556 unguentasse
1833 2509 1873 2544 et
1899 2504 2017 2544 aedes
2046 2505 2156 2544 clusa

346 2581 444 2607 esse.
473 2590 524 2597 -—
550 2569 611 2607 De
641 2567 864 2617 unguendis
895 2569 1017 2617 signis
1047 2570 1207 2607 deorum
1224 2570 1287 2619 egi
1304 2575 1432 2618 antea,
1454 2582 1539 2608 cum
1557 2581 1671 2608 sacra
1685 2569 1797 2619 primi
1822 2568 1896 2606 diei
1917 2577 2151 2607 enarrarem.

345 2633 393 2670 In
422 2632 537 2670 domo
566 2637 697 2671 autem
725 2632 903 2680 magistri
941 2644 1026 2670 cum
1062 2633 1185 2671 solam
1221 2633 1333 2672 deam
1370 2634 1484 2672 Diam
1521 2633 1691 2671 Arvales
1721 2633 2049 2680 unguentassent,
2089 2628 2152 2668 die

346 2697 469 2734 altero
511 2696 604 2734 deas
637 2695 820 2733 dicuntur
848 2700 1131 2744 unguentasse;
1168 2708 1286 2746 quae,
1324 2709 1409 2735 cum
1441 2698 1564 2735 multa
1599 2697 1637 2734 in
1662 2696 1753 2734 luco
1778 2695 1828 2733 ab
1857 2694 1903 2732 iis
1932 2693 2152 2732 colerentur

346 2759 501 2797 numina
529 2759 594 2809 (cf.
625 2763 717 2797 acta
745 2771 777 2797 a.
803 2759 875 2797 183
907 2760 981 2797 218
1015 2760 1090 2797 224
1119 2764 1157 2798 et
1186 2761 1383 2800 enarratio
1423 2758 1702 2809 piaculorum),
1743 2771 1821 2797 non
1862 2759 1986 2809 liquet
2025 2760 2151 2794 utrum

345 2822 476 2871 plures
504 2822 667 2870 fuerint,
707 2834 756 2860 an
792 2821 911 2869 duae,
945 2823 1035 2872 ipsa
1071 2823 1221 2861 scilicet
1256 2823 1332 2862 dea
1366 2823 1444 2861 Dia
1471 2826 1509 2861 et
1537 2822 1637 2861 Iuno
1666 2822 1850 2861 eiusdem.
1906 2819 2150 2869 Quamquam

345 2885 418 2923 hoc
447 2885 538 2923 mihi
568 2885 695 2934 magis
724 2886 934 2935 probatur,
970 2886 1062 2936 quia
1090 2887 1126 2923 111
1162 2887 1250 2936 ipsa
1279 2886 1376 2924 aede
1405 2886 1527 2924 fuisse
1556 2885 1651 2923 deas
1681 2896 1780 2935 qnae
1807 2882 2153 2933 unguentabantnr

346 2947 438 2986 inde
468 2948 679 2998 colligitur,
708 2948 814 2999 quod
842 2948 962 2987 aedes
992 2948 1122 2987 statim
1151 2954 1242 2999 post
1271 2949 1413 2988 dicitur
1441 2949 1551 2987 clusa
1578 2960 1677 2987 esse.
1713 2948 1846 2987 Etiam
1874 2946 1999 2996 magis
2026 2945 2150 2983 incer·
2218 2978 2220 2982 ,

345 3015 425 3049 tum
454 3015 526 3059 est,
558 3011 652 3061 quid
682 3011 729 3050 de
758 3013 971 3049 lumemuliis
1001 3011 1248 3050 statuendum
1277 3012 1345 3059 sit,
1383 3024 1483 3062 quae
1511 3013 1549 3051 111
1577 3012 1677 3051 actis
1706 3023 1740 3050 a.
1762 3011 1836 3048 218
1866 3010 2048 3048 dicuntur
2073 3008 2148 3046 Ar-

345 3075 496 3113 valibus
514 3086 599 3112 cum
616 3078 759 3125 rapinis
779 3075 873 3114 data
891 3086 989 3113 esse.
1024 3075 1083 3112 De
1100 3074 1240 3124 quibus
1268 3075 1384 3113 rebus
1407 3075 1516 3114 varia
1536 3074 1744 3125 temptavit
1763 3073 1950 3111 Marinius
1971 3072 2023 3122 (p.
2044 3070 2150 3119 594),

345 3137 435 3175 mihi
477 3150 562 3176 011111
605 3138 766 3188 rapinae
808 3150 878 3188 pro
920 3137 1044 3176 herba
1078 3137 1283 3175 videantur
1316 3137 1521 3175 habendae
1550 3149 1637 3175 esse
1666 3137 1783 3186 (Cato
1810 3148 1840 3174 r.
1861 3147 1892 3174 r.
1913 3137 1948 3184 5,
1965 3135 1997 3173 8.
2027 3133 2148 3181 35,2;

348 3201 495 3238 Colum.
522 3202 630 3249 ll‚2‚
649 3200 734 3252 71),
771 3201 978 3251 probabile
1016 3206 1076 3239 est
1104 3201 1170 3239 illa
1190 3205 1257 3238 aut
1285 3200 1401 3239 aliam
1430 3200 1627 3250 quandam
1656 3199 1814 3239 herbam
1844 3209 1932 3238 esse
1961 3201 2028 3236 aut
2055 3207 2151 3235 vasa

347 3274 446 3317 qnae
475 3264 634 3314 rapinas
664 3264 940 3303 continuerint.
967 3285 1018 3291 —-
1045 3263 1180 3303 Aedes
1200 3268 1412 3314 antequam
1433 3263 1696 3312 clauderetur,
1723 3262 1902 3302 exierunt
1928 3271 2062 3300 omnes
2082 3258 2150 3310 qui
