<?xml version="1.0" encoding="UTF-8"?>
<!DOCTYPE html PUBLIC "-//W3C//DTD XHTML 1.0 Transitional//EN"
    "http://www.w3.org/TR/xhtml1/DTD/xhtml1-transitional.dtd">
<html xmlns="http://www.w3.org/1999/xhtml" xml:lang="en" lang="en">
 <head>
  <title>
</title>
<meta http-equiv="Content-Type" content="text/html;charset=utf-8" />
  <meta name='ocr-system' content='tesseract 3.04.00' />
  <meta name='ocr-capabilities' content='ocr_page ocr_carea ocr_par ocr_line ocrx_word'/>
</head>
<body>
  <div class='ocr_page' id='page_1' title='image "./actafratrumarval00henzuoft_0288.png"; bbox 0 0 2340 3658; ppageno 0'>
   <div class='ocr_carea' id='block_1_1' title="bbox 358 155 1424 204">
    <p class='ocr_par' dir='ltr' id='par_1_1' title="bbox 358 155 1424 204">
     <span class='ocr_line' id='line_1_1' title="bbox 358 155 1424 204; baseline -0.003 -11"><span class='ocrx_word' id='word_1_1' title='bbox 358 163 409 204; x_wconf 77' lang='lat'>18</span> <span class='ocrx_word' id='word_1_2' title='bbox 1081 155 1186 192; x_wconf 83' lang='lat' dir='ltr'>Sacri</span> <span class='ocrx_word' id='word_1_3' title='bbox 1213 155 1304 190; x_wconf 79' lang='lat' dir='ltr'>deae</span> <span class='ocrx_word' id='word_1_4' title='bbox 1330 156 1424 191; x_wconf 83' lang='lat' dir='ltr'>Diae</span> 
     </span>
    </p>
   </div>
   <div class='ocr_carea' id='block_1_2' title="bbox 970 403 1537 572">
    <p class='ocr_par' dir='ltr' id='par_1_2' title="bbox 970 403 1537 572">
     <span class='ocr_line' id='line_1_2' title="bbox 970 403 1537 449; baseline -0.004 -1"><span class='ocrx_word' id='word_1_5' title='bbox 970 407 1010 449; x_wconf 86' lang='lat' dir='ltr'>b.</span> <span class='ocrx_word' id='word_1_6' title='bbox 1070 404 1200 447; x_wconf 82' lang='lat' dir='ltr'>DIES</span> <span class='ocrx_word' id='word_1_7' title='bbox 1231 403 1537 448; x_wconf 83' lang='lat' dir='ltr'><strong>SECUNDUS.</strong></span> 
     </span>
     <span class='ocr_line' id='line_1_3' title="bbox 1002 528 1508 572; baseline -0.002 -1"><span class='ocrx_word' id='word_1_8' title='bbox 1002 531 1037 572; x_wconf 90' lang='lat'>1.</span> <span class='ocrx_word' id='word_1_9' title='bbox 1097 529 1274 572; x_wconf 81' lang='lat' dir='ltr'>Annus</span> <span class='ocrx_word' id='word_1_10' title='bbox 1307 533 1354 572; x_wconf 91' lang='lat' dir='ltr'>et</span> <span class='ocrx_word' id='word_1_11' title='bbox 1384 528 1508 572; x_wconf 85' lang='lat' dir='ltr'>dies.</span> 
     </span>
    </p>
   </div>
   <div class='ocr_carea' id='block_1_3' title="bbox 309 649 2158 1151">
    <p class='ocr_par' dir='ltr' id='par_1_3' title="bbox 309 649 2158 1151">
     <span class='ocr_line' id='line_1_4' title="bbox 456 649 2154 710; baseline -0.003 -9"><span class='ocrx_word' id='word_1_12' title='bbox 456 662 546 700; x_wconf 92' lang='lat' dir='ltr'>Diei</span> <span class='ocrx_word' id='word_1_13' title='bbox 574 665 667 710; x_wconf 84' lang='lat' dir='ltr'>nota</span> <span class='ocrx_word' id='word_1_14' title='bbox 693 659 768 697; x_wconf 89' lang='lat' dir='ltr'>nisi</span> <span class='ocrx_word' id='word_1_15' title='bbox 793 656 926 708; x_wconf 86' lang='lat' dir='ltr'>lapide</span> <span class='ocrx_word' id='word_1_16' title='bbox 955 656 1080 694; x_wconf 81' lang='lat' dir='ltr'>fracto</span> <span class='ocrx_word' id='word_1_17' title='bbox 1108 667 1305 705; x_wconf 84' lang='lat' dir='ltr'>nunquam</span> <span class='ocrx_word' id='word_1_18' title='bbox 1327 649 1461 693; x_wconf 83' lang='lat' dir='ltr'>deest:</span> <span class='ocrx_word' id='word_1_19' title='bbox 1488 654 1579 694; x_wconf 87' lang='lat' dir='ltr'>item</span> <span class='ocrx_word' id='word_1_20' title='bbox 1600 655 1824 694; x_wconf 81' lang='lat' dir='ltr'>consulatus</span> <span class='ocrx_word' id='word_1_21' title='bbox 1847 655 1947 695; x_wconf 87' lang='lat' dir='ltr'>solet</span> <span class='ocrx_word' id='word_1_22' title='bbox 1977 655 2154 698; x_wconf 83' lang='lat' dir='ltr'>adscribi</span> 
     </span>
     <span class='ocr_line' id='line_1_5' title="bbox 359 718 2158 776; baseline -0.003 -12"><span class='ocrx_word' id='word_1_23' title='bbox 359 726 536 776; x_wconf 85' lang='lat' dir='ltr'>exeeptis</span> <span class='ocrx_word' id='word_1_24' title='bbox 571 725 616 762; x_wconf 85' lang='lat' dir='ltr'>iis</span> <span class='ocrx_word' id='word_1_25' title='bbox 652 723 769 770; x_wconf 72' lang='lat' dir='ltr'>actis,</span> <span class='ocrx_word' id='word_1_26' title='bbox 808 721 846 758; x_wconf 89' lang='lat' dir='ltr'>in</span> <span class='ocrx_word' id='word_1_27' title='bbox 886 720 1026 770; x_wconf 86' lang='lat' dir='ltr'>quibus</span> <span class='ocrx_word' id='word_1_28' title='bbox 1064 720 1182 757; x_wconf 88' lang='lat' dir='ltr'>semel</span> <span class='ocrx_word' id='word_1_29' title='bbox 1217 718 1327 757; x_wconf 89' lang='lat' dir='ltr'>initio</span> <span class='ocrx_word' id='word_1_30' title='bbox 1363 718 1521 768; x_wconf 83' lang='lat' dir='ltr'>ponitur</span> <span class='ocrx_word' id='word_1_31' title='bbox 1555 728 1680 767; x_wconf 89' lang='lat' dir='ltr'>neque</span> <span class='ocrx_word' id='word_1_32' title='bbox 1717 721 1858 767; x_wconf 80' lang='lat' dir='ltr'>postea</span> <span class='ocrx_word' id='word_1_33' title='bbox 1883 719 2086 770; x_wconf 82' lang='lat' dir='ltr'>repetitur,</span> <span class='ocrx_word' id='word_1_34' title='bbox 2113 726 2158 761; x_wconf 88' lang='lat' dir='ltr'>ut</span> 
     </span>
     <span class='ocr_line' id='line_1_6' title="bbox 359 779 2156 831; baseline -0.003 -3"><span class='ocrx_word' id='word_1_35' title='bbox 359 802 390 827; x_wconf 86' lang='lat' dir='ltr'>a.</span> <span class='ocrx_word' id='word_1_36' title='bbox 408 790 456 827; x_wconf 88' lang='lat'>38</span> <span class='ocrx_word' id='word_1_37' title='bbox 472 793 510 827; x_wconf 88' lang='lat' dir='ltr'>et</span> <span class='ocrx_word' id='word_1_38' title='bbox 521 789 583 826; x_wconf 91' lang='lat'>40.</span> <span class='ocrx_word' id='word_1_39' title='bbox 622 787 835 824; x_wconf 83' lang='lat' dir='ltr'>Praeterea</span> <span class='ocrx_word' id='word_1_40' title='bbox 864 784 1029 822; x_wconf 84' lang='lat' dir='ltr'>omissus</span> <span class='ocrx_word' id='word_1_41' title='bbox 1060 786 1121 820; x_wconf 87' lang='lat' dir='ltr'>est</span> <span class='ocrx_word' id='word_1_42' title='bbox 1146 783 1184 819; x_wconf 90' lang='lat' dir='ltr'>in</span> <span class='ocrx_word' id='word_1_43' title='bbox 1214 781 1313 820; x_wconf 86' lang='lat' dir='ltr'>actis</span> <span class='ocrx_word' id='word_1_44' title='bbox 1342 793 1375 819; x_wconf 84' lang='lat' dir='ltr'>a.</span> <span class='ocrx_word' id='word_1_45' title='bbox 1405 781 1491 829; x_wconf 83' lang='lat'>218,</span> <span class='ocrx_word' id='word_1_46' title='bbox 1518 779 1699 831; x_wconf 84' lang='lat' dir='ltr'>idemque</span> <span class='ocrx_word' id='word_1_47' title='bbox 1727 780 1880 819; x_wconf 84' lang='lat' dir='ltr'>videtur</span> <span class='ocrx_word' id='word_1_48' title='bbox 1906 781 2156 823; x_wconf 79' lang='lat' dir='ltr'>statuendum</span> 
     </span>
     <span class='ocr_line' id='line_1_7' title="bbox 359 842 2158 900; baseline -0.003 -9"><span class='ocrx_word' id='word_1_49' title='bbox 359 865 445 891; x_wconf 87' lang='lat' dir='ltr'>esse</span> <span class='ocrx_word' id='word_1_50' title='bbox 475 852 523 890; x_wconf 90' lang='lat' dir='ltr'>de</span> <span class='ocrx_word' id='word_1_51' title='bbox 550 851 597 888; x_wconf 88' lang='lat' dir='ltr'>iis</span> <span class='ocrx_word' id='word_1_52' title='bbox 626 860 726 900; x_wconf 81' lang='lat' dir='ltr'>quae</span> <span class='ocrx_word' id='word_1_53' title='bbox 762 846 935 885; x_wconf 87' lang='lat' dir='ltr'>eiusdem</span> <span class='ocrx_word' id='word_1_54' title='bbox 969 846 1050 883; x_wconf 87' lang='lat' dir='ltr'>fere</span> <span class='ocrx_word' id='word_1_55' title='bbox 1087 845 1225 884; x_wconf 82' lang='lat' dir='ltr'>aetatis</span> <span class='ocrx_word' id='word_1_56' title='bbox 1256 846 1362 892; x_wconf 87' lang='lat' dir='ltr'>sunt,</span> <span class='ocrx_word' id='word_1_57' title='bbox 1398 844 1437 881; x_wconf 88' lang='lat' dir='ltr'>in</span> <span class='ocrx_word' id='word_1_58' title='bbox 1475 843 1615 893; x_wconf 89' lang='lat' dir='ltr'>quibus</span> <span class='ocrx_word' id='word_1_59' title='bbox 1650 842 1701 882; x_wconf 80' lang='lat' dir='ltr'>ad</span> <span class='ocrx_word' id='word_1_60' title='bbox 1741 842 1843 881; x_wconf 87' lang='lat' dir='ltr'>diem</span> <span class='ocrx_word' id='word_1_61' title='bbox 1870 848 1974 883; x_wconf 86' lang='lat' dir='ltr'>eerte</span> <span class='ocrx_word' id='word_1_62' title='bbox 2001 845 2158 885; x_wconf 79' lang='lat' dir='ltr'>tertium</span> 
     </span>
     <span class='ocr_line' id='line_1_8' title="bbox 309 905 2156 959; baseline -0.004 -5"><span class='ocrx_word' id='word_1_63' title='bbox 309 907 313 909; x_wconf 45' lang='grc'><strong>’</strong></span> <span class='ocrx_word' id='word_1_64' title='bbox 360 915 541 954; x_wconf 83' lang='lat' dir='ltr'>eonsules</span> <span class='ocrx_word' id='word_1_65' title='bbox 571 912 748 951; x_wconf 84' lang='lat' dir='ltr'>adnotati</span> <span class='ocrx_word' id='word_1_66' title='bbox 776 923 853 949; x_wconf 89' lang='lat' dir='ltr'>non</span> <span class='ocrx_word' id='word_1_67' title='bbox 888 913 978 947; x_wconf 91' lang='lat' dir='ltr'>sunt</span> <span class='ocrx_word' id='word_1_68' title='bbox 1015 908 1080 959; x_wconf 86' lang='lat' dir='ltr'>(ef.</span> <span class='ocrx_word' id='word_1_69' title='bbox 1110 920 1143 947; x_wconf 82' lang='lat' dir='ltr'>a.</span> <span class='ocrx_word' id='word_1_70' title='bbox 1167 908 1240 945; x_wconf 87' lang='lat'>213</span> <span class='ocrx_word' id='word_1_71' title='bbox 1269 911 1308 945; x_wconf 88' lang='lat' dir='ltr'>et</span> <span class='ocrx_word' id='word_1_72' title='bbox 1334 906 1437 955; x_wconf 83' lang='lat'>219).</span> <span class='ocrx_word' id='word_1_73' title='bbox 1491 906 1633 956; x_wconf 83' lang='lat' dir='ltr'>Neque</span> <span class='ocrx_word' id='word_1_74' title='bbox 1661 906 1700 944; x_wconf 91' lang='lat' dir='ltr'>in</span> <span class='ocrx_word' id='word_1_75' title='bbox 1728 905 1826 945; x_wconf 82' lang='lat' dir='ltr'>actis</span> <span class='ocrx_word' id='word_1_76' title='bbox 1853 906 1967 946; x_wconf 91' lang='lat' dir='ltr'>Dom.</span> <span class='ocrx_word' id='word_1_77' title='bbox 1991 906 2039 947; x_wconf 86' lang='lat' dir='ltr'>C.</span> <span class='ocrx_word' id='word_1_78' title='bbox 2067 919 2156 947; x_wconf 88' lang='lat' dir='ltr'>con—</span> 
     </span>
     <span class='ocr_line' id='line_1_9' title="bbox 361 966 2158 1022; baseline -0.003 -5"><span class='ocrx_word' id='word_1_79' title='bbox 361 979 466 1017; x_wconf 88' lang='lat' dir='ltr'>sules</span> <span class='ocrx_word' id='word_1_80' title='bbox 493 976 817 1016; x_wconf 85' lang='lat' dir='ltr'>commemoratos</span> <span class='ocrx_word' id='word_1_81' title='bbox 832 972 951 1011; x_wconf 84' lang='lat' dir='ltr'>fuisse</span> <span class='ocrx_word' id='word_1_82' title='bbox 969 971 1154 1021; x_wconf 80' lang='lat' dir='ltr'>angustia</span> <span class='ocrx_word' id='word_1_83' title='bbox 1181 970 1298 1021; x_wconf 81' lang='lat' dir='ltr'>spatii</span> <span class='ocrx_word' id='word_1_84' title='bbox 1329 969 1510 1008; x_wconf 73' lang='lat' dir='ltr'>ostendit.</span> <span class='ocrx_word' id='word_1_85' title='bbox 1548 970 1612 1010; x_wconf 75' lang='lat' dir='ltr'>At.</span> <span class='ocrx_word' id='word_1_86' title='bbox 1630 970 1669 1007; x_wconf 92' lang='lat' dir='ltr'>in</span> <span class='ocrx_word' id='word_1_87' title='bbox 1690 970 1787 1008; x_wconf 83' lang='lat' dir='ltr'>actis</span> <span class='ocrx_word' id='word_1_88' title='bbox 1808 971 1927 1019; x_wconf 50' lang='grc'><strong>3.,90,</strong></span> <span class='ocrx_word' id='word_1_89' title='bbox 1955 970 1996 1010; x_wconf 87' lang='lat' dir='ltr'>in</span> <span class='ocrx_word' id='word_1_90' title='bbox 2014 966 2158 1022; x_wconf 81' lang='lat' dir='ltr'>quibus</span> 
     </span>
     <span class='ocr_line' id='line_1_10' title="bbox 357 1032 2158 1084; baseline -0.004 -3"><span class='ocrx_word' id='word_1_91' title='bbox 357 1042 409 1080; x_wconf 84' lang='lat' dir='ltr'>ad</span> <span class='ocrx_word' id='word_1_92' title='bbox 438 1042 538 1080; x_wconf 88' lang='lat' dir='ltr'>diem</span> <span class='ocrx_word' id='word_1_93' title='bbox 568 1040 725 1079; x_wconf 85' lang='lat' dir='ltr'>tertium</span> <span class='ocrx_word' id='word_1_94' title='bbox 755 1035 932 1075; x_wconf 84' lang='lat' dir='ltr'>adnotati</span> <span class='ocrx_word' id='word_1_95' title='bbox 960 1046 1034 1072; x_wconf 90' lang='lat' dir='ltr'>non</span> <span class='ocrx_word' id='word_1_96' title='bbox 1065 1037 1174 1082; x_wconf 85' lang='lat' dir='ltr'>sunt,</span> <span class='ocrx_word' id='word_1_97' title='bbox 1204 1033 1256 1072; x_wconf 85' lang='lat' dir='ltr'>ad</span> <span class='ocrx_word' id='word_1_98' title='bbox 1284 1033 1385 1077; x_wconf 83' lang='lat' dir='ltr'>diem</span> <span class='ocrx_word' id='word_1_99' title='bbox 1413 1032 1627 1072; x_wconf 86' lang='lat' dir='ltr'>seeundum</span> <span class='ocrx_word' id='word_1_100' title='bbox 1647 1033 1869 1084; x_wconf 81' lang='lat' dir='ltr'>adscriptos</span> <span class='ocrx_word' id='word_1_101' title='bbox 1889 1033 2010 1072; x_wconf 81' lang='lat' dir='ltr'>fuisse</span> <span class='ocrx_word' id='word_1_102' title='bbox 2028 1033 2158 1074; x_wconf 84' lang='lat' dir='ltr'>hiatus</span> 
     </span>
     <span class='ocr_line' id='line_1_11' title="bbox 359 1095 2158 1151; baseline -0.004 -7"><span class='ocrx_word' id='word_1_103' title='bbox 359 1105 508 1144; x_wconf 78' lang='lat' dir='ltr'>indicat</span> <span class='ocrx_word' id='word_1_104' title='bbox 537 1104 633 1143; x_wconf 83' lang='lat' dir='ltr'>satis</span> <span class='ocrx_word' id='word_1_105' title='bbox 663 1101 825 1151; x_wconf 86' lang='lat' dir='ltr'>amplus.</span> <span class='ocrx_word' id='word_1_106' title='bbox 881 1099 1023 1148; x_wconf 84' lang='lat' dir='ltr'>Itaque</span> <span class='ocrx_word' id='word_1_107' title='bbox 1051 1109 1098 1135; x_wconf 91' lang='lat' dir='ltr'>ne</span> <span class='ocrx_word' id='word_1_108' title='bbox 1128 1097 1175 1135; x_wconf 87' lang='lat' dir='ltr'>de</span> <span class='ocrx_word' id='word_1_109' title='bbox 1203 1097 1302 1135; x_wconf 82' lang='lat' dir='ltr'>actis</span> <span class='ocrx_word' id='word_1_110' title='bbox 1333 1109 1365 1135; x_wconf 83' lang='lat' dir='ltr'>a.</span> <span class='ocrx_word' id='word_1_111' title='bbox 1396 1097 1443 1134; x_wconf 89' lang='grc'>91</span> <span class='ocrx_word' id='word_1_112' title='bbox 1473 1095 1630 1145; x_wconf 88' lang='lat' dir='ltr'>quidem</span> <span class='ocrx_word' id='word_1_113' title='bbox 1657 1095 1830 1134; x_wconf 82' lang='lat' dir='ltr'>iudicare</span> <span class='ocrx_word' id='word_1_114' title='bbox 1857 1096 1994 1146; x_wconf 83' lang='lat' dir='ltr'>ausim,</span> <span class='ocrx_word' id='word_1_115' title='bbox 2022 1109 2158 1148; x_wconf 82' lang='lat' dir='ltr'>quam-</span> 
     </span>
    </p>
   </div>
   <div class='ocr_carea' id='block_1_4' title="bbox 358 1159 2170 1218">
    <p class='ocr_par' dir='ltr' id='par_1_4' title="bbox 358 1159 2170 1218">
     <span class='ocr_line' id='line_1_12' title="bbox 358 1159 2170 1218; baseline -0.003 -12"><span class='ocrx_word' id='word_1_116' title='bbox 358 1179 472 1218; x_wconf 79' lang='lat' dir='ltr'>quam</span> <span class='ocrx_word' id='word_1_117' title='bbox 504 1167 544 1204; x_wconf 88' lang='lat' dir='ltr'>in</span> <span class='ocrx_word' id='word_1_118' title='bbox 585 1166 645 1204; x_wconf 86' lang='lat' dir='ltr'>his</span> <span class='ocrx_word' id='word_1_119' title='bbox 683 1174 836 1214; x_wconf 90' lang='lat' dir='ltr'>quoque</span> <span class='ocrx_word' id='word_1_120' title='bbox 872 1161 924 1200; x_wconf 84' lang='lat' dir='ltr'>ad</span> <span class='ocrx_word' id='word_1_121' title='bbox 962 1160 1062 1198; x_wconf 88' lang='lat' dir='ltr'>diem</span> <span class='ocrx_word' id='word_1_122' title='bbox 1090 1160 1245 1198; x_wconf 87' lang='lat' dir='ltr'>tertium</span> <span class='ocrx_word' id='word_1_123' title='bbox 1272 1159 1431 1198; x_wconf 85' lang='lat' dir='ltr'>nomina</span> <span class='ocrx_word' id='word_1_124' title='bbox 1458 1160 1659 1197; x_wconf 84' lang='lat' dir='ltr'>consulum</span> <span class='ocrx_word' id='word_1_125' title='bbox 1694 1171 1774 1198; x_wconf 89' lang='lat' dir='ltr'>non</span> <span class='ocrx_word' id='word_1_126' title='bbox 1811 1165 2081 1200; x_wconf 81' lang='lat' dir='ltr'>memorantur.</span> <span class='ocrx_word' id='word_1_127' title='bbox 2109 1162 2170 1190; x_wconf 66' lang='lat'>·-‘</span> 
     </span>
    </p>
   </div>
   <div class='ocr_carea' id='block_1_5' title="bbox 357 1221 2161 1344">
    <p class='ocr_par' dir='ltr' id='par_1_5' title="bbox 357 1221 2161 1344">
     <span class='ocr_line' id='line_1_13' title="bbox 357 1221 2159 1280; baseline -0.003 -11"><span class='ocrx_word' id='word_1_128' title='bbox 357 1230 646 1280; x_wconf 82' lang='lat' dir='ltr'>Nonnunquam</span> <span class='ocrx_word' id='word_1_129' title='bbox 680 1226 865 1277; x_wconf 81' lang='lat' dir='ltr'>temporis</span> <span class='ocrx_word' id='word_1_130' title='bbox 892 1222 1094 1262; x_wconf 83' lang='lat' dir='ltr'>indicandi</span> <span class='ocrx_word' id='word_1_131' title='bbox 1127 1223 1254 1271; x_wconf 83' lang='lat' dir='ltr'>gratia</span> <span class='ocrx_word' id='word_1_132' title='bbox 1282 1221 1478 1261; x_wconf 83' lang='lat' dir='ltr'>adduntur</span> <span class='ocrx_word' id='word_1_133' title='bbox 1514 1222 1670 1261; x_wconf 88' lang='lat' dir='ltr'>nomina</span> <span class='ocrx_word' id='word_1_134' title='bbox 1712 1222 1890 1272; x_wconf 77' lang='lat' dir='ltr'>magistri</span> <span class='ocrx_word' id='word_1_135' title='bbox 1930 1227 1969 1263; x_wconf 90' lang='lat' dir='ltr'>et</span> <span class='ocrx_word' id='word_1_136' title='bbox 2006 1234 2159 1274; x_wconf 81' lang='lat' dir='ltr'>proma·</span> 
     </span>
     <span class='ocr_line' id='line_1_14' title="bbox 359 1285 2161 1344; baseline -0.004 -11"><span class='ocrx_word' id='word_1_137' title='bbox 359 1294 483 1344; x_wconf 82' lang='lat' dir='ltr'>gistri,</span> <span class='ocrx_word' id='word_1_138' title='bbox 511 1303 637 1343; x_wconf 90' lang='lat' dir='ltr'>neque</span> <span class='ocrx_word' id='word_1_139' title='bbox 664 1295 793 1330; x_wconf 84' lang='lat' dir='ltr'>tamen</span> <span class='ocrx_word' id='word_1_140' title='bbox 815 1299 968 1339; x_wconf 84' lang='lat' dir='ltr'>semper</span> <span class='ocrx_word' id='word_1_141' title='bbox 987 1286 1117 1326; x_wconf 80' lang='lat' dir='ltr'>statim</span> <span class='ocrx_word' id='word_1_142' title='bbox 1137 1290 1229 1336; x_wconf 87' lang='lat' dir='ltr'>post</span> <span class='ocrx_word' id='word_1_143' title='bbox 1256 1285 1359 1323; x_wconf 90' lang='lat' dir='ltr'>diem</span> <span class='ocrx_word' id='word_1_144' title='bbox 1386 1288 1583 1334; x_wconf 85' lang='lat' dir='ltr'>notantur,</span> <span class='ocrx_word' id='word_1_145' title='bbox 1612 1285 1684 1324; x_wconf 84' lang='lat' dir='ltr'>sed</span> <span class='ocrx_word' id='word_1_146' title='bbox 1709 1285 1944 1336; x_wconf 85' lang='lat' dir='ltr'>interposita</span> <span class='ocrx_word' id='word_1_147' title='bbox 1969 1286 2161 1326; x_wconf 80' lang='lat' dir='ltr'>interdum</span> 
     </span>
    </p>
   </div>
   <div class='ocr_carea' id='block_1_6' title="bbox 358 1348 2154 1540">
    <p class='ocr_par' dir='ltr' id='par_1_6' title="bbox 358 1348 2154 1540">
     <span class='ocr_line' id='line_1_15' title="bbox 358 1348 1511 1399; baseline -0.009 -3"><span class='ocrx_word' id='word_1_148' title='bbox 358 1356 434 1395; x_wconf 85' lang='lat' dir='ltr'>loci</span> <span class='ocrx_word' id='word_1_149' title='bbox 460 1356 710 1394; x_wconf 83' lang='lat' dir='ltr'>indicatione.</span> <span class='ocrx_word' id='word_1_150' title='bbox 739 1375 790 1381; x_wconf 88' lang='lat'>—</span> <span class='ocrx_word' id='word_1_151' title='bbox 818 1354 926 1391; x_wconf 80' lang='lat' dir='ltr'>Aeta</span> <span class='ocrx_word' id='word_1_152' title='bbox 950 1351 1070 1399; x_wconf 85' lang='lat' dir='ltr'>igitur</span> <span class='ocrx_word' id='word_1_153' title='bbox 1098 1352 1292 1399; x_wconf 80' lang='lat' dir='ltr'>concepta</span> <span class='ocrx_word' id='word_1_154' title='bbox 1319 1351 1409 1387; x_wconf 87' lang='lat' dir='ltr'>sunt</span> <span class='ocrx_word' id='word_1_155' title='bbox 1435 1348 1511 1386; x_wconf 88' lang='lat' dir='ltr'>sie:</span> 
     </span>
     <span class='ocr_line' id='line_1_16' title="bbox 361 1423 1062 1487; baseline -0.013 -13"><span class='ocrx_word' id='word_1_156' title='bbox 361 1430 431 1487; x_wconf 87' lang='lat'>[38</span> <span class='ocrx_word' id='word_1_157' title='bbox 460 1428 530 1486; x_wconf 86' lang='lat'>40]</span> <span class='ocrx_word' id='word_1_158' title='bbox 564 1429 644 1472; x_wconf 80' lang='grc'>218</span> <span class='ocrx_word' id='word_1_159' title='bbox 827 1428 900 1469; x_wconf 79' lang='lat' dir='ltr'>illo</span> <span class='ocrx_word' id='word_1_160' title='bbox 932 1426 998 1466; x_wconf 76' lang='lat' dir='ltr'>die</span> <span class='ocrx_word' id='word_1_161' title='bbox 1017 1423 1062 1480; x_wconf 79' lang='lat'>‘).</span> 
     </span>
     <span class='ocr_line' id='line_1_17' title="bbox 829 1490 2154 1540; baseline -0.001 -9"><span class='ocrx_word' id='word_1_162' title='bbox 829 1496 855 1540; x_wconf 89' lang='lat'>¹)</span> <span class='ocrx_word' id='word_1_163' title='bbox 883 1522 890 1530; x_wconf 95' lang='lat'>.</span> <span class='ocrx_word' id='word_1_164' title='bbox 917 1522 925 1530; x_wconf 92' lang='lat'>.</span> <span class='ocrx_word' id='word_1_165' title='bbox 953 1521 961 1530; x_wconf 92' lang='lat'>.</span> <span class='ocrx_word' id='word_1_166' title='bbox 987 1522 995 1530; x_wconf 90' lang='lat'>.</span> <span class='ocrx_word' id='word_1_167' title='bbox 1021 1494 1055 1528; x_wconf 89' lang='lat' dir='ltr'>k.</span> <span class='ocrx_word' id='word_1_168' title='bbox 1073 1491 1198 1528; x_wconf 85' lang='lat' dir='ltr'>Iunias</span> <span class='ocrx_word' id='word_1_169' title='bbox 1223 1493 1285 1535; x_wconf 78' lang='lat'>383</span> <span class='ocrx_word' id='word_1_170' title='bbox 1312 1520 1320 1529; x_wconf 93' lang='lat'>.</span> <span class='ocrx_word' id='word_1_171' title='bbox 1347 1518 1354 1526; x_wconf 92' lang='lat'>.</span> <span class='ocrx_word' id='word_1_172' title='bbox 1381 1520 1389 1529; x_wconf 97' lang='lat'>.</span> <span class='ocrx_word' id='word_1_173' title='bbox 1415 1520 1423 1528; x_wconf 96' lang='lat'>.</span> <span class='ocrx_word' id='word_1_174' title='bbox 1449 1492 1484 1529; x_wconf 88' lang='lat' dir='ltr'>k.</span> <span class='ocrx_word' id='word_1_175' title='bbox 1509 1491 1647 1527; x_wconf 86' lang='lat' dir='ltr'>Iuni.s</span> <span class='ocrx_word' id='word_1_176' title='bbox 1671 1492 1735 1535; x_wconf 86' lang='lat'>40;</span> <span class='ocrx_word' id='word_1_177' title='bbox 1761 1493 1848 1528; x_wconf 87' lang='lat' dir='ltr'>item</span> <span class='ocrx_word' id='word_1_178' title='bbox 1864 1493 1899 1529; x_wconf 88' lang='lat' dir='ltr'>k.</span> <span class='ocrx_word' id='word_1_179' title='bbox 1925 1490 2050 1531; x_wconf 78' lang='lat' dir='ltr'>Iunias</span> <span class='ocrx_word' id='word_1_180' title='bbox 2075 1495 2154 1532; x_wconf 85' lang='lat'>218.</span> 
     </span>
    </p>
   </div>
   <div class='ocr_carea' id='block_1_7' title="bbox 362 1555 1627 1683">
    <p class='ocr_par' dir='ltr' id='par_1_7' title="bbox 362 1555 1627 1683">
     <span class='ocr_line' id='line_1_18' title="bbox 362 1555 1627 1683; baseline -0.005 -49"><span class='ocrx_word' id='word_1_181' title='bbox 362 1555 719 1683; x_wconf 51' lang='lat'>}{⁵13]9‚]1{&#39;{&#39;0[[11¹5)}]</span> <span class='ocrx_word' id='word_1_182' title='bbox 744 1556 841 1668; x_wconf 47' lang='lat' dir='ltr'>{gg}</span> <span class='ocrx_word' id='word_1_183' title='bbox 876 1588 1012 1632; x_wconf 72' lang='lat' dir='ltr'>isdem</span> <span class='ocrx_word' id='word_1_184' title='bbox 1043 1585 1361 1643; x_wconf 71' lang='lat' dir='ltr'>00(n)s(u11bus)</span> <span class='ocrx_word' id='word_1_185' title='bbox 1391 1588 1463 1628; x_wconf 56' lang='lat'>5110</span> <span class='ocrx_word' id='word_1_186' title='bbox 1495 1587 1561 1628; x_wconf 63' lang='lat' dir='ltr'>die</span> <span class='ocrx_word' id='word_1_187' title='bbox 1583 1585 1627 1642; x_wconf 85' lang='lat'>¹).</span> 
     </span>
    </p>
   </div>
   <div class='ocr_carea' id='block_1_8' title="bbox 827 1690 2161 1832">
    <p class='ocr_par' dir='ltr' id='par_1_8' title="bbox 827 1690 2161 1832">
     <span class='ocr_line' id='line_1_19' title="bbox 827 1690 2158 1739; baseline 0.001 -12"><span class='ocrx_word' id='word_1_188' title='bbox 827 1692 851 1739; x_wconf 87' lang='lat'>¹)</span> <span class='ocrx_word' id='word_1_189' title='bbox 875 1691 995 1727; x_wconf 86' lang='lat' dir='ltr'>isdem</span> <span class='ocrx_word' id='word_1_190' title='bbox 1020 1701 1085 1726; x_wconf 85' lang='lat' dir='ltr'>eos</span> <span class='ocrx_word' id='word_1_191' title='bbox 1112 1717 1365 1727; x_wconf 89' lang='grc'><strong>........</strong></span> <span class='ocrx_word' id='word_1_192' title='bbox 1392 1691 1475 1732; x_wconf 89' lang='grc'>119;</span> <span class='ocrx_word' id='word_1_193' title='bbox 1513 1690 1632 1725; x_wconf 82' lang='lat' dir='ltr'>isdem</span> <span class='ocrx_word' id='word_1_194' title='bbox 1658 1715 1874 1727; x_wconf 89' lang='grc'><strong>.......</strong></span> <span class='ocrx_word' id='word_1_195' title='bbox 1913 1702 1972 1728; x_wconf 91' lang='lat' dir='ltr'>un.</span> <span class='ocrx_word' id='word_1_196' title='bbox 2011 1691 2088 1728; x_wconf 87' lang='lat'>155.</span> <span class='ocrx_word' id='word_1_197' title='bbox 2116 1710 2158 1718; x_wconf 95' lang='lat'>——</span> 
     </span>
     <span class='ocr_line' id='line_1_20' title="bbox 891 1738 2161 1832; baseline 0.001 -59"><span class='ocrx_word' id='word_1_198' title='bbox 891 1740 1123 1832; x_wconf 35' lang='lat' dir='ltr'>{laguna-{fui}</span> <span class='ocrx_word' id='word_1_199' title='bbox 1150 1739 1215 1774; x_wconf 90' lang='grc'>117</span> <span class='ocrx_word' id='word_1_200' title='bbox 1242 1739 1362 1784; x_wconf 74' lang='lat' dir='ltr'>lapide</span> <span class='ocrx_word' id='word_1_201' title='bbox 1378 1740 1500 1784; x_wconf 80' lang='lat' dir='ltr'>fracto</span> <span class='ocrx_word' id='word_1_202' title='bbox 1522 1739 1629 1783; x_wconf 82' lang='lat' dir='ltr'>periit</span> <span class='ocrx_word' id='word_1_203' title='bbox 1651 1744 1733 1772; x_wconf 77' lang='lat' dir='ltr'>nota</span> <span class='ocrx_word' id='word_1_204' title='bbox 1758 1738 1957 1781; x_wconf 81' lang='lat' dir='ltr'>consulum,</span> <span class='ocrx_word' id='word_1_205' title='bbox 1992 1739 2035 1773; x_wconf 80' lang='lat' dir='ltr'>ab</span> <span class='ocrx_word' id='word_1_206' title='bbox 2060 1740 2161 1774; x_wconf 76' lang='lat' dir='ltr'>initio</span> 
     </span>
    </p>
   </div>
   <div class='ocr_carea' id='block_1_9' title="bbox 364 1842 2163 1971">
    <p class='ocr_par' dir='ltr' id='par_1_9' title="bbox 364 1842 2163 1971">
     <span class='ocr_line' id='line_1_21' title="bbox 364 1842 2163 1903; baseline -0.001 -14"><span class='ocrx_word' id='word_1_207' title='bbox 364 1845 448 1903; x_wconf 83' lang='lat'>[66]</span> <span class='ocrx_word' id='word_1_208' title='bbox 483 1847 536 1891; x_wconf 80' lang='lat'>69</span> <span class='ocrx_word' id='word_1_209' title='bbox 569 1846 654 1903; x_wconf 83' lang='lat'>[90]</span> <span class='ocrx_word' id='word_1_210' title='bbox 832 1845 967 1889; x_wconf 80' lang='lat' dir='ltr'>isdem</span> <span class='ocrx_word' id='word_1_211' title='bbox 1005 1842 1323 1901; x_wconf 83' lang='lat' dir='ltr'>eo(n)s(ulibus)</span> <span class='ocrx_word' id='word_1_212' title='bbox 1359 1845 1432 1886; x_wconf 78' lang='lat' dir='ltr'>illo</span> <span class='ocrx_word' id='word_1_213' title='bbox 1470 1846 1536 1886; x_wconf 80' lang='lat' dir='ltr'>die</span> <span class='ocrx_word' id='word_1_214' title='bbox 1572 1843 1818 1898; x_wconf 82' lang='lat' dir='ltr'>magisterio</span> <span class='ocrx_word' id='word_1_215' title='bbox 1849 1845 1963 1886; x_wconf 67' lang='lat' dir='ltr'>illius</span> <span class='ocrx_word' id='word_1_216' title='bbox 1998 1858 2163 1900; x_wconf 85' lang='lat' dir='ltr'>proma-</span> 
     </span>
     <span class='ocr_line' id='line_1_22' title="bbox 898 1912 1238 1971; baseline -0.009 -14"><span class='ocrx_word' id='word_1_217' title='bbox 898 1914 1069 1971; x_wconf 83' lang='lat' dir='ltr'>g(istr0)</span> <span class='ocrx_word' id='word_1_218' title='bbox 1099 1915 1170 1955; x_wconf 79' lang='lat' dir='ltr'>illo</span> <span class='ocrx_word' id='word_1_219' title='bbox 1193 1912 1238 1968; x_wconf 92' lang='lat'>¹).</span> 
     </span>
    </p>
   </div>
   <div class='ocr_carea' id='block_1_10' title="bbox 828 1981 2164 2075">
    <p class='ocr_par' dir='ltr' id='par_1_10' title="bbox 828 1981 2164 2075">
     <span class='ocr_line' id='line_1_23' title="bbox 828 1981 2164 2029; baseline -0.002 -10"><span class='ocrx_word' id='word_1_220' title='bbox 828 1984 853 2029; x_wconf 90' lang='lat'>¹)</span> <span class='ocrx_word' id='word_1_221' title='bbox 880 1982 998 2019; x_wconf 88' lang='lat' dir='ltr'>isdem</span> <span class='ocrx_word' id='word_1_222' title='bbox 1030 1993 1096 2018; x_wconf 84' lang='lat' dir='ltr'>cos</span> <span class='ocrx_word' id='word_1_223' title='bbox 1123 2010 1269 2019; x_wconf 93' lang='grc'>.....</span> <span class='ocrx_word' id='word_1_224' title='bbox 1294 1982 1390 2017; x_wconf 89' lang='lat' dir='ltr'>XIII</span> <span class='ocrx_word' id='word_1_225' title='bbox 1423 1982 1458 2016; x_wconf 85' lang='lat' dir='ltr'>k.</span> <span class='ocrx_word' id='word_1_226' title='bbox 1486 1982 1543 2017; x_wconf 92' lang='lat' dir='ltr'>Iul</span> <span class='ocrx_word' id='word_1_227' title='bbox 1547 2008 1804 2018; x_wconf 90' lang='grc'><strong>........</strong></span> <span class='ocrx_word' id='word_1_228' title='bbox 1830 1982 1892 2024; x_wconf 89' lang='grc'>66,</span> <span class='ocrx_word' id='word_1_229' title='bbox 1923 1981 2016 2027; x_wconf 76' lang='lat' dir='ltr'>quod</span> <span class='ocrx_word' id='word_1_230' title='bbox 2045 1992 2164 2017; x_wconf 80' lang='lat' dir='ltr'>errore</span> 
     </span>
     <span class='ocr_line' id='line_1_24' title="bbox 892 2029 2164 2075; baseline -0.001 -10"><span class='ocrx_word' id='word_1_231' title='bbox 892 2031 1081 2075; x_wconf 80' lang='lat' dir='ltr'>ordineque</span> <span class='ocrx_word' id='word_1_232' title='bbox 1100 2031 1236 2065; x_wconf 78' lang='lat' dir='ltr'>turbato</span> <span class='ocrx_word' id='word_1_233' title='bbox 1265 2031 1434 2075; x_wconf 69' lang='lat' dir='ltr'>scriptum</span> <span class='ocrx_word' id='word_1_234' title='bbox 1455 2041 1530 2064; x_wconf 78' lang='lat' dir='ltr'>esse</span> <span class='ocrx_word' id='word_1_235' title='bbox 1551 2043 1618 2074; x_wconf 80' lang='lat' dir='ltr'>pro</span> <span class='ocrx_word' id='word_1_236' title='bbox 1642 2029 1755 2065; x_wconf 90' lang='lat' dir='ltr'>XIIII</span> <span class='ocrx_word' id='word_1_237' title='bbox 1778 2029 1814 2063; x_wconf 87' lang='lat' dir='ltr'>k.</span> <span class='ocrx_word' id='word_1_238' title='bbox 1840 2029 1919 2064; x_wconf 90' lang='lat' dir='ltr'>Iun.</span> <span class='ocrx_word' id='word_1_239' title='bbox 1943 2035 2050 2064; x_wconf 75' lang='lat' dir='ltr'>antea</span> <span class='ocrx_word' id='word_1_240' title='bbox 2066 2029 2164 2070; x_wconf 66' lang='grc' dir='ltr'>ἀδεεῖς</span> 
     </span>
    </p>
   </div>
   <div class='ocr_carea' id='block_1_11' title="bbox 894 2081 2161 2128">
    <p class='ocr_par' dir='ltr' id='par_1_11' title="bbox 894 2081 2161 2128">
     <span class='ocr_line' id='line_1_25' title="bbox 894 2081 2161 2128; baseline 0.001 -11"><span class='ocrx_word' id='word_1_241' title='bbox 894 2082 951 2118; x_wconf 81' lang='lat' dir='ltr'>isd</span> <span class='ocrx_word' id='word_1_242' title='bbox 979 2111 987 2120; x_wconf 89' lang='lat'>.</span> <span class='ocrx_word' id='word_1_243' title='bbox 1016 2109 1022 2117; x_wconf 93' lang='lat'>.</span> <span class='ocrx_word' id='word_1_244' title='bbox 1048 2108 1056 2116; x_wconf 88' lang='lat'>.</span> <span class='ocrx_word' id='word_1_245' title='bbox 1085 2108 1093 2117; x_wconf 94' lang='lat'>.</span> <span class='ocrx_word' id='word_1_246' title='bbox 1118 2082 1152 2117; x_wconf 88' lang='lat' dir='ltr'>k.</span> <span class='ocrx_word' id='word_1_247' title='bbox 1178 2081 1256 2118; x_wconf 85' lang='lat' dir='ltr'>Iun.</span> <span class='ocrx_word' id='word_1_248' title='bbox 1281 2109 1290 2118; x_wconf 89' lang='lat'>.</span> <span class='ocrx_word' id='word_1_249' title='bbox 1316 2108 1323 2116; x_wconf 96' lang='lat'>.</span> <span class='ocrx_word' id='word_1_250' title='bbox 1351 2107 1358 2115; x_wconf 92' lang='lat'>.</span> <span class='ocrx_word' id='word_1_251' title='bbox 1385 2091 1440 2126; x_wconf 85' lang='lat' dir='ltr'>ag.</span> <span class='ocrx_word' id='word_1_252' title='bbox 1469 2081 1636 2120; x_wconf 86' lang='lat' dir='ltr'><em>lllllllllll</em></span> <span class='ocrx_word' id='word_1_253' title='bbox 1663 2082 1737 2119; x_wconf 87' lang='lat' dir='ltr'>Ger</span> <span class='ocrx_word' id='word_1_254' title='bbox 1761 2108 1933 2119; x_wconf 90' lang='grc'><strong>.......</strong></span> <span class='ocrx_word' id='word_1_255' title='bbox 1957 2092 2018 2128; x_wconf 91' lang='lat' dir='ltr'>mp</span> <span class='ocrx_word' id='word_1_256' title='bbox 2036 2081 2078 2117; x_wconf 83' lang='lat' dir='ltr'>iii</span> <span class='ocrx_word' id='word_1_257' title='bbox 2094 2092 2161 2128; x_wconf 83' lang='lat' dir='ltr'>pro</span> 
     </span>
    </p>
   </div>
   <div class='ocr_carea' id='block_1_12' title="bbox 367 2134 2164 2376">
    <p class='ocr_par' dir='ltr' id='par_1_12' title="bbox 367 2134 2164 2376">
     <span class='ocr_line' id='line_1_26' title="bbox 892 2134 1879 2181; baseline 0 -11"><span class='ocrx_word' id='word_1_258' title='bbox 892 2146 985 2181; x_wconf 82' lang='lat' dir='ltr'>mag.</span> <span class='ocrx_word' id='word_1_259' title='bbox 1011 2142 1071 2171; x_wconf 81' lang='lat' dir='ltr'>cet.</span> <span class='ocrx_word' id='word_1_260' title='bbox 1090 2155 1133 2161; x_wconf 91' lang='lat'><strong>—</strong></span> <span class='ocrx_word' id='word_1_261' title='bbox 1158 2134 1397 2180; x_wconf 73' lang='lat' dir='ltr'>Promayister</span> <span class='ocrx_word' id='word_1_262' title='bbox 1420 2146 1491 2168; x_wconf 79' lang='lat' dir='ltr'>non</span> <span class='ocrx_word' id='word_1_263' title='bbox 1517 2143 1800 2170; x_wconf 77' lang='lat' dir='ltr'>commemoratur</span> <span class='ocrx_word' id='word_1_264' title='bbox 1824 2136 1879 2172; x_wconf 87' lang='grc'>90.</span> 
     </span>
     <span class='ocr_line' id='line_1_27' title="bbox 367 2192 2164 2250; baseline 0.001 -15"><span class='ocrx_word' id='word_1_265' title='bbox 367 2194 419 2235; x_wconf 83' lang='grc'>72</span> <span class='ocrx_word' id='word_1_266' title='bbox 450 2195 501 2236; x_wconf 87' lang='grc'>87</span> <span class='ocrx_word' id='word_1_267' title='bbox 538 2192 622 2250; x_wconf 69' lang='grc'>[891</span> <span class='ocrx_word' id='word_1_268' title='bbox 830 2196 914 2236; x_wconf 74' lang='lat' dir='ltr'>illis</span> <span class='ocrx_word' id='word_1_269' title='bbox 936 2193 965 2250; x_wconf 88' lang='lat'>¹)</span> <span class='ocrx_word' id='word_1_270' title='bbox 997 2192 1318 2250; x_wconf 82' lang='lat' dir='ltr'>eo(n)s(ulibus)</span> <span class='ocrx_word' id='word_1_271' title='bbox 1356 2194 1428 2234; x_wconf 77' lang='lat' dir='ltr'>illo</span> <span class='ocrx_word' id='word_1_272' title='bbox 1467 2194 1534 2235; x_wconf 82' lang='lat' dir='ltr'>die</span> <span class='ocrx_word' id='word_1_273' title='bbox 1571 2193 1818 2248; x_wconf 85' lang='lat' dir='ltr'>magisterio</span> <span class='ocrx_word' id='word_1_274' title='bbox 1857 2194 1969 2234; x_wconf 80' lang='lat' dir='ltr'>illius</span> <span class='ocrx_word' id='word_1_275' title='bbox 1997 2205 2164 2248; x_wconf 84' lang='lat' dir='ltr'>proma-</span> 
     </span>
     <span class='ocr_line' id='line_1_28' title="bbox 897 2261 1194 2317; baseline -0.007 -12"><span class='ocrx_word' id='word_1_276' title='bbox 897 2263 1029 2317; x_wconf 84' lang='lat' dir='ltr'>gistro</span> <span class='ocrx_word' id='word_1_277' title='bbox 1060 2263 1132 2304; x_wconf 79' lang='lat' dir='ltr'>illo</span> <span class='ocrx_word' id='word_1_278' title='bbox 1148 2261 1194 2317; x_wconf 92' lang='lat'>²).</span> 
     </span>
     <span class='ocr_line' id='line_1_29' title="bbox 831 2329 2162 2376; baseline 0 -11"><span class='ocrx_word' id='word_1_279' title='bbox 831 2331 855 2375; x_wconf 90' lang='lat'>¹)</span> <span class='ocrx_word' id='word_1_280' title='bbox 882 2332 1039 2366; x_wconf 79' lang='lat' dir='ltr'>consules</span> <span class='ocrx_word' id='word_1_281' title='bbox 1076 2332 1162 2371; x_wconf 74' lang='lat' dir='ltr'><em>ipsis</em></span> <span class='ocrx_word' id='word_1_282' title='bbox 1193 2332 1388 2366; x_wconf 74' lang='lat' dir='ltr'>nominibus</span> <span class='ocrx_word' id='word_1_283' title='bbox 1418 2332 1642 2374; x_wconf 73' lang='lat' dir='ltr'>indicantur,</span> <span class='ocrx_word' id='word_1_284' title='bbox 1675 2331 1761 2376; x_wconf 79' lang='lat' dir='ltr'>quia</span> <span class='ocrx_word' id='word_1_285' title='bbox 1791 2332 1829 2365; x_wconf 76' lang='lat' dir='ltr'>in</span> <span class='ocrx_word' id='word_1_286' title='bbox 1862 2331 1947 2366; x_wconf 81' lang='lat' dir='ltr'>haee</span> <span class='ocrx_word' id='word_1_287' title='bbox 1976 2337 2057 2366; x_wconf 77' lang='lat' dir='ltr'>acta</span> <span class='ocrx_word' id='word_1_288' title='bbox 2086 2329 2162 2365; x_wconf 75' lang='lat' dir='ltr'>dies</span> 
     </span>
    </p>
   </div>
   <div class='ocr_carea' id='block_1_13' title="bbox 828 2379 2153 2471">
    <p class='ocr_par' dir='ltr' id='par_1_13' title="bbox 828 2379 2153 2471">
     <span class='ocr_line' id='line_1_30' title="bbox 887 2379 1478 2423; baseline 0 -11"><span class='ocrx_word' id='word_1_289' title='bbox 887 2381 1026 2423; x_wconf 79' lang='lat' dir='ltr'>primus</span> <span class='ocrx_word' id='word_1_290' title='bbox 1049 2381 1144 2413; x_wconf 79' lang='lat' dir='ltr'>sacri</span> <span class='ocrx_word' id='word_1_291' title='bbox 1165 2379 1297 2413; x_wconf 72' lang='lat' dir='ltr'>relatus</span> <span class='ocrx_word' id='word_1_292' title='bbox 1321 2391 1392 2412; x_wconf 78' lang='lat' dir='ltr'>non</span> <span class='ocrx_word' id='word_1_293' title='bbox 1417 2386 1478 2413; x_wconf 73' lang='lat' dir='ltr'>est.</span> 
     </span>
     <span class='ocr_line' id='line_1_31' title="bbox 828 2425 2153 2471; baseline 0.001 -11"><span class='ocrx_word' id='word_1_294' title='bbox 828 2425 856 2470; x_wconf 81' lang='lat'>²)</span> <span class='ocrx_word' id='word_1_295' title='bbox 883 2437 1003 2461; x_wconf 82' lang='lat' dir='ltr'>euram</span> <span class='ocrx_word' id='word_1_296' title='bbox 1023 2428 1156 2471; x_wconf 81' lang='lat' dir='ltr'>agente</span> <span class='ocrx_word' id='word_1_297' title='bbox 1174 2426 1235 2460; x_wconf 82' lang='lat' dir='ltr'>illo</span> <span class='ocrx_word' id='word_1_298' title='bbox 1264 2426 1308 2462; x_wconf 91' lang='grc'>87</span> <span class='ocrx_word' id='word_1_299' title='bbox 1326 2426 1392 2462; x_wconf 83' lang='lat'>89?</span> <span class='ocrx_word' id='word_1_300' title='bbox 1417 2425 1463 2459; x_wconf 77' lang='grc' dir='ltr'>Ιπ</span> <span class='ocrx_word' id='word_1_301' title='bbox 1482 2427 1566 2460; x_wconf 77' lang='lat' dir='ltr'>actis</span> <span class='ocrx_word' id='word_1_302' title='bbox 1584 2438 1616 2459; x_wconf 87' lang='lat' dir='ltr'>a.</span> <span class='ocrx_word' id='word_1_303' title='bbox 1635 2426 1679 2462; x_wconf 85' lang='lat'>89</span> <span class='ocrx_word' id='word_1_304' title='bbox 1697 2425 1789 2460; x_wconf 71' lang='lat' dir='ltr'><em>nihil</em></span> <span class='ocrx_word' id='word_1_305' title='bbox 1805 2433 1962 2471; x_wconf 77' lang='lat' dir='ltr'>superest</span> <span class='ocrx_word' id='word_1_306' title='bbox 1977 2425 2049 2460; x_wconf 77' lang='lat' dir='ltr'>nisi</span> <span class='ocrx_word' id='word_1_307' title='bbox 2063 2451 2072 2460; x_wconf 90' lang='lat'>.</span> <span class='ocrx_word' id='word_1_308' title='bbox 2090 2452 2100 2462; x_wconf 86' lang='lat'>.</span> <span class='ocrx_word' id='word_1_309' title='bbox 2118 2450 2126 2459; x_wconf 93' lang='lat'>.</span> <span class='ocrx_word' id='word_1_310' title='bbox 2145 2451 2153 2461; x_wconf 89' lang='lat'>.</span> 
     </span>
    </p>
   </div>
   <div class='ocr_carea' id='block_1_14' title="bbox 367 2473 2162 2645">
    <p class='ocr_par' dir='ltr' id='par_1_14' title="bbox 367 2473 2162 2645">
     <span class='ocr_line' id='line_1_32' title="bbox 899 2473 1452 2509; baseline 0.002 -2"><span class='ocrx_word' id='word_1_311' title='bbox 899 2473 1004 2508; x_wconf 83' lang='lat' dir='ltr'>unias</span> <span class='ocrx_word' id='word_1_312' title='bbox 1029 2497 1317 2509; x_wconf 89' lang='grc'><strong>.........</strong></span> <span class='ocrx_word' id='word_1_313' title='bbox 1343 2473 1452 2508; x_wconf 78' lang='lat' dir='ltr'>illius.</span> 
     </span>
     <span class='ocr_line' id='line_1_33' title="bbox 367 2527 2114 2587; baseline 0.002 -17"><span class='ocrx_word' id='word_1_314' title='bbox 367 2529 417 2570; x_wconf 81' lang='lat'>81</span> <span class='ocrx_word' id='word_1_315' title='bbox 453 2527 588 2585; x_wconf 84' lang='lat' dir='ltr'>[DOM.</span> <span class='ocrx_word' id='word_1_316' title='bbox 617 2529 663 2586; x_wconf 82' lang='lat' dir='ltr'>O]</span> <span class='ocrx_word' id='word_1_317' title='bbox 828 2530 962 2573; x_wconf 84' lang='lat' dir='ltr'>isdem</span> <span class='ocrx_word' id='word_1_318' title='bbox 993 2530 1293 2587; x_wconf 82' lang='lat' dir='ltr'>eo(n)s(ulibus</span> <span class='ocrx_word' id='word_1_319' title='bbox 1322 2533 1394 2573; x_wconf 78' lang='lat' dir='ltr'>illo</span> <span class='ocrx_word' id='word_1_320' title='bbox 1426 2532 1493 2573; x_wconf 74' lang='lat' dir='ltr'>die</span> <span class='ocrx_word' id='word_1_321' title='bbox 1523 2532 1612 2573; x_wconf 85' lang='lat' dir='ltr'>loco</span> <span class='ocrx_word' id='word_1_322' title='bbox 1642 2533 1713 2573; x_wconf 79' lang='lat' dir='ltr'>illo</span> <span class='ocrx_word' id='word_1_323' title='bbox 1743 2532 1946 2587; x_wconf 84' lang='lat' dir='ltr'>magistro</span> <span class='ocrx_word' id='word_1_324' title='bbox 1976 2533 2049 2574; x_wconf 75' lang='lat' dir='ltr'>illo</span> <span class='ocrx_word' id='word_1_325' title='bbox 2071 2529 2114 2587; x_wconf 92' lang='lat'>¹).</span> 
     </span>
     <span class='ocr_line' id='line_1_34' title="bbox 834 2599 2162 2645; baseline 0.001 -11"><span class='ocrx_word' id='word_1_326' title='bbox 834 2599 858 2644; x_wconf 83' lang='lat'>¹)</span> <span class='ocrx_word' id='word_1_327' title='bbox 886 2625 1137 2636; x_wconf 91' lang='grc'><strong>........</strong></span> <span class='ocrx_word' id='word_1_328' title='bbox 1164 2606 1232 2635; x_wconf 84' lang='lat' dir='ltr'>ueo</span> <span class='ocrx_word' id='word_1_329' title='bbox 1266 2600 1345 2635; x_wconf 87' lang='lat' dir='ltr'>eius</span> <span class='ocrx_word' id='word_1_330' title='bbox 1379 2600 1591 2645; x_wconf 82' lang='lat' dir='ltr'>magisterio</span> <span class='ocrx_word' id='word_1_331' title='bbox 1618 2601 1715 2635; x_wconf 73' lang='lat' dir='ltr'>illius</span> <span class='ocrx_word' id='word_1_332' title='bbox 1746 2600 1865 2637; x_wconf 86' lang='lat' dir='ltr'>DOM.</span> <span class='ocrx_word' id='word_1_333' title='bbox 1885 2600 1924 2643; x_wconf 84' lang='lat' dir='ltr'>O,</span> <span class='ocrx_word' id='word_1_334' title='bbox 1957 2601 2017 2636; x_wconf 62' lang='lat' dir='ltr'>ube·</span> <span class='ocrx_word' id='word_1_335' title='bbox 2041 2612 2162 2635; x_wconf 75' lang='lat' dir='ltr'>consu-</span> 
     </span>
    </p>
   </div>
   <div class='ocr_carea' id='block_1_15' title="bbox 897 2648 2162 2741">
    <p class='ocr_par' dir='ltr' id='par_1_15' title="bbox 897 2648 2162 2741">
     <span class='ocr_line' id='line_1_35' title="bbox 898 2648 2162 2690; baseline 0.003 -10"><span class='ocrx_word' id='word_1_336' title='bbox 898 2648 1007 2681; x_wconf 73' lang='lat' dir='ltr'>latum</span> <span class='ocrx_word' id='word_1_337' title='bbox 1032 2654 1326 2682; x_wconf 79' lang='lat' dir='ltr'>commemoratum</span> <span class='ocrx_word' id='word_1_338' title='bbox 1351 2660 1421 2682; x_wconf 70' lang='lat' dir='ltr'>‘nou</span> <span class='ocrx_word' id='word_1_339' title='bbox 1447 2659 1520 2682; x_wconf 73' lang='lat' dir='ltr'>esse</span> <span class='ocrx_word' id='word_1_340' title='bbox 1543 2648 1765 2683; x_wconf 79' lang='lat' dir='ltr'>statuendum</span> <span class='ocrx_word' id='word_1_341' title='bbox 1790 2655 1850 2690; x_wconf 75' lang='lat' dir='ltr'>est,</span> <span class='ocrx_word' id='word_1_342' title='bbox 1874 2655 1913 2683; x_wconf 78' lang='lat' dir='ltr'>ut</span> <span class='ocrx_word' id='word_1_343' title='bbox 1935 2660 2007 2684; x_wconf 79' lang='lat' dir='ltr'>non</span> <span class='ocrx_word' id='word_1_344' title='bbox 2025 2659 2162 2684; x_wconf 79' lang='lat' dir='ltr'>comme-</span> 
     </span>
     <span class='ocr_line' id='line_1_36' title="bbox 897 2695 1630 2741; baseline 0.004 -13"><span class='ocrx_word' id='word_1_345' title='bbox 897 2702 1052 2729; x_wconf 81' lang='lat' dir='ltr'>moratur</span> <span class='ocrx_word' id='word_1_346' title='bbox 1077 2695 1125 2729; x_wconf 80' lang='lat' dir='ltr'>ad</span> <span class='ocrx_word' id='word_1_347' title='bbox 1150 2696 1241 2730; x_wconf 84' lang='lat' dir='ltr'>diem</span> <span class='ocrx_word' id='word_1_348' title='bbox 1267 2697 1420 2730; x_wconf 82' lang='lat' dir='ltr'>tertium:</span> <span class='ocrx_word' id='word_1_349' title='bbox 1447 2697 1491 2741; x_wconf 77' lang='lat' dir='ltr'>cf.</span> <span class='ocrx_word' id='word_1_350' title='bbox 1511 2708 1630 2739; x_wconf 80' lang='lat' dir='ltr'>supra.</span> 
     </span>
    </p>
   </div>
   <div class='ocr_carea' id='block_1_16' title="bbox 1114 2905 1418 2949">
    <p class='ocr_par' dir='ltr' id='par_1_16' title="bbox 1114 2905 1418 2949">
     <span class='ocr_line' id='line_1_37' title="bbox 1114 2905 1418 2949; baseline 0.007 -2"><span class='ocrx_word' id='word_1_351' title='bbox 1114 2905 1153 2948; x_wconf 78' lang='lat'>2.</span> <span class='ocrx_word' id='word_1_352' title='bbox 1213 2905 1418 2949; x_wconf 76' lang='lat' dir='ltr'>Locus.</span> 
     </span>
    </p>
   </div>
   <div class='ocr_carea' id='block_1_17' title="bbox 369 3053 2165 3295">
    <p class='ocr_par' dir='ltr' id='par_1_17' title="bbox 369 3053 2165 3295">
     <span class='ocr_line' id='line_1_38' title="bbox 470 3053 2163 3106; baseline 0.001 -13"><span class='ocrx_word' id='word_1_353' title='bbox 470 3054 564 3093; x_wconf 88' lang='lat' dir='ltr'>Dies</span> <span class='ocrx_word' id='word_1_354' title='bbox 602 3055 698 3093; x_wconf 85' lang='lat' dir='ltr'>alter</span> <span class='ocrx_word' id='word_1_355' title='bbox 735 3055 834 3093; x_wconf 80' lang='lat' dir='ltr'>sacri</span> <span class='ocrx_word' id='word_1_356' title='bbox 873 3054 923 3093; x_wconf 82' lang='lat' dir='ltr'>ab</span> <span class='ocrx_word' id='word_1_357' title='bbox 952 3053 1166 3093; x_wconf 85' lang='lat' dir='ltr'>Arvalibus</span> <span class='ocrx_word' id='word_1_358' title='bbox 1195 3054 1469 3093; x_wconf 84' lang='lat' dir='ltr'>celebrabatur</span> <span class='ocrx_word' id='word_1_359' title='bbox 1495 3058 1575 3094; x_wconf 81' lang='lat' dir='ltr'>tam</span> <span class='ocrx_word' id='word_1_360' title='bbox 1609 3055 1648 3093; x_wconf 91' lang='lat' dir='ltr'>in</span> <span class='ocrx_word' id='word_1_361' title='bbox 1674 3056 1763 3094; x_wconf 87' lang='lat' dir='ltr'>luco</span> <span class='ocrx_word' id='word_1_362' title='bbox 1792 3055 1890 3094; x_wconf 84' lang='lat' dir='ltr'>deae</span> <span class='ocrx_word' id='word_1_363' title='bbox 1917 3054 2016 3094; x_wconf 76' lang='lat' dir='ltr'>Diae</span> <span class='ocrx_word' id='word_1_364' title='bbox 2046 3066 2163 3106; x_wconf 75' lang='lat' dir='ltr'>quam</span> 
     </span>
     <span class='ocr_line' id='line_1_39' title="bbox 369 3117 2164 3169; baseline 0.001 -14"><span class='ocrx_word' id='word_1_365' title='bbox 369 3117 519 3156; x_wconf 81' lang='lat' dir='ltr'>Romae</span> <span class='ocrx_word' id='word_1_366' title='bbox 548 3118 586 3155; x_wconf 89' lang='lat' dir='ltr'>in</span> <span class='ocrx_word' id='word_1_367' title='bbox 615 3118 776 3156; x_wconf 84' lang='lat' dir='ltr'>aedibus</span> <span class='ocrx_word' id='word_1_368' title='bbox 805 3117 991 3166; x_wconf 83' lang='lat' dir='ltr'>magistri.</span> <span class='ocrx_word' id='word_1_369' title='bbox 1048 3117 1148 3156; x_wconf 84' lang='lat' dir='ltr'>Cum</span> <span class='ocrx_word' id='word_1_370' title='bbox 1181 3129 1272 3156; x_wconf 85' lang='lat' dir='ltr'>vero</span> <span class='ocrx_word' id='word_1_371' title='bbox 1308 3130 1461 3156; x_wconf 79' lang='lat' dir='ltr'>sacrum</span> <span class='ocrx_word' id='word_1_372' title='bbox 1495 3118 1534 3156; x_wconf 91' lang='lat' dir='ltr'>in</span> <span class='ocrx_word' id='word_1_373' title='bbox 1571 3118 1659 3157; x_wconf 87' lang='lat' dir='ltr'>luco</span> <span class='ocrx_word' id='word_1_374' title='bbox 1694 3118 1936 3169; x_wconf 84' lang='lat' dir='ltr'>potissimum</span> <span class='ocrx_word' id='word_1_375' title='bbox 1970 3117 2098 3166; x_wconf 85' lang='lat' dir='ltr'>fieret,</span> <span class='ocrx_word' id='word_1_376' title='bbox 2125 3117 2164 3156; x_wconf 88' lang='lat' dir='ltr'>in</span> 
     </span>
     <span class='ocr_line' id='line_1_40' title="bbox 372 3179 2164 3232; baseline 0.001 -14"><span class='ocrx_word' id='word_1_377' title='bbox 372 3180 469 3219; x_wconf 79' lang='lat' dir='ltr'>actis</span> <span class='ocrx_word' id='word_1_378' title='bbox 498 3181 721 3230; x_wconf 83' lang='lat' dir='ltr'>plerumque</span> <span class='ocrx_word' id='word_1_379' title='bbox 750 3192 825 3218; x_wconf 89' lang='lat' dir='ltr'>non</span> <span class='ocrx_word' id='word_1_380' title='bbox 851 3180 1046 3218; x_wconf 82' lang='lat' dir='ltr'>indicatur</span> <span class='ocrx_word' id='word_1_381' title='bbox 1074 3179 1146 3218; x_wconf 83' lang='lat' dir='ltr'>nisi</span> <span class='ocrx_word' id='word_1_382' title='bbox 1174 3181 1304 3228; x_wconf 83' lang='lat' dir='ltr'>lucus,</span> <span class='ocrx_word' id='word_1_383' title='bbox 1332 3193 1402 3230; x_wconf 85' lang='lat' dir='ltr'>pro</span> <span class='ocrx_word' id='word_1_384' title='bbox 1431 3193 1478 3220; x_wconf 89' lang='lat' dir='ltr'>eo</span> <span class='ocrx_word' id='word_1_385' title='bbox 1512 3185 1642 3220; x_wconf 86' lang='lat' dir='ltr'>autem</span> <span class='ocrx_word' id='word_1_386' title='bbox 1670 3193 1944 3232; x_wconf 84' lang='lat' dir='ltr'>nonnunquam</span> <span class='ocrx_word' id='word_1_387' title='bbox 1979 3179 2164 3231; x_wconf 80' lang='lat' dir='ltr'>scriptum</span> 
     </span>
     <span class='ocr_line' id='line_1_41' title="bbox 373 3242 2165 3295; baseline 0 -13"><span class='ocrx_word' id='word_1_388' title='bbox 373 3246 432 3282; x_wconf 87' lang='lat' dir='ltr'>est</span> <span class='ocrx_word' id='word_1_389' title='bbox 460 3244 510 3281; x_wconf 84' lang='lat' dir='ltr'>ad</span> <span class='ocrx_word' id='word_1_390' title='bbox 537 3244 638 3281; x_wconf 78' lang='lat' dir='ltr'>deam</span> <span class='ocrx_word' id='word_1_391' title='bbox 669 3243 792 3281; x_wconf 77' lang='lat' dir='ltr'>Diam.</span> <span class='ocrx_word' id='word_1_392' title='bbox 848 3242 1049 3281; x_wconf 87' lang='lat' dir='ltr'>Interdum</span> <span class='ocrx_word' id='word_1_393' title='bbox 1084 3243 1194 3283; x_wconf 89' lang='lat' dir='ltr'>locus</span> <span class='ocrx_word' id='word_1_394' title='bbox 1230 3244 1384 3283; x_wconf 88' lang='lat' dir='ltr'>omuino</span> <span class='ocrx_word' id='word_1_395' title='bbox 1412 3256 1488 3283; x_wconf 87' lang='lat' dir='ltr'>non</span> <span class='ocrx_word' id='word_1_396' title='bbox 1515 3244 1690 3295; x_wconf 85' lang='lat' dir='ltr'>ponitur,</span> <span class='ocrx_word' id='word_1_397' title='bbox 1726 3255 1812 3283; x_wconf 87' lang='lat' dir='ltr'>cum</span> <span class='ocrx_word' id='word_1_398' title='bbox 1850 3243 1937 3295; x_wconf 89' lang='lat' dir='ltr'>ipso</span> <span class='ocrx_word' id='word_1_399' title='bbox 1973 3243 2165 3284; x_wconf 79' lang='lat' dir='ltr'>sacrificio</span> 
     </span>
    </p>
   </div>
   <div class='ocr_carea' id='block_1_18' title="bbox 2263 0 2340 1659">
    <p class='ocr_par' dir='ltr' id='par_1_18' title="bbox 2263 0 2340 1659">
     <span class='ocr_line' id='line_1_42' title="bbox 2263 0 2340 1659; baseline 0 0"><span class='ocrx_word' id='word_1_400' title='bbox 2263 0 2340 1659; x_wconf 95' lang='lat' dir='ltr'> </span> 
     </span>
    </p>
   </div>
   <div class='ocr_carea' id='block_1_19' title="bbox 2322 2657 2340 3658">
    <p class='ocr_par' dir='ltr' id='par_1_19' title="bbox 2322 2657 2340 3658">
     <span class='ocr_line' id='line_1_43' title="bbox 2330 2657 2340 2687; baseline 0 0"><span class='ocrx_word' id='word_1_401' title='bbox 2330 2657 2340 2687; x_wconf 56' lang='lat' dir='ltr'>ss</span> 
     </span>
     <span class='ocr_line' id='line_1_44' title="bbox 2330 2694 2340 2727; baseline 0 0"><span class='ocrx_word' id='word_1_402' title='bbox 2330 2694 2340 2727; x_wconf 65' lang='lat' dir='ltr'>J}</span> 
     </span>
     <span class='ocr_line' id='line_1_45' title="bbox 2332 2730 2340 2746; baseline 0 -8"><span class='ocrx_word' id='word_1_403' title='bbox 2332 2730 2340 2746; x_wconf 76' lang='lat'>:¹</span> 
     </span>
     <span class='ocr_line' id='line_1_46' title="bbox 2333 2747 2340 2755; baseline 0 0"><span class='ocrx_word' id='word_1_404' title='bbox 2333 2747 2340 2755; x_wconf 61' lang='lat' dir='ltr'><em>a</em></span> 
     </span>
     <span class='ocr_line' id='line_1_47' title="bbox 2334 2775 2340 2788; baseline 0 -3"><span class='ocrx_word' id='word_1_405' title='bbox 2334 2775 2340 2788; x_wconf 74' lang='grc' dir='ltr'>»ς</span> 
     </span>
     <span class='ocr_line' id='line_1_48' title="bbox 2329 2823 2340 2850; baseline 0 0"><span class='ocrx_word' id='word_1_406' title='bbox 2329 2823 2340 2850; x_wconf 65' lang='lat'>³7</span> 
     </span>
     <span class='ocr_line' id='line_1_49' title="bbox 2330 2856 2336 2863; baseline 0 -1"><span class='ocrx_word' id='word_1_407' title='bbox 2330 2856 2336 2863; x_wconf 81' lang='grc'>.</span> 
     </span>
     <span class='ocr_line' id='line_1_50' title="bbox 2329 2883 2340 2909; baseline 0 -3"><span class='ocrx_word' id='word_1_408' title='bbox 2329 2883 2340 2909; x_wconf 96' lang='grc' dir='ltr'>Ξ</span> 
     </span>
     <span class='ocr_line' id='line_1_51' title="bbox 2328 2909 2340 2922; baseline 0 0"><span class='ocrx_word' id='word_1_409' title='bbox 2328 2909 2340 2922; x_wconf 64' lang='grc' dir='ltr'><em>ὲ</em></span> 
     </span>
     <span class='ocr_line' id='line_1_52' title="bbox 2330 2933 2340 2954; baseline 0 0"><span class='ocrx_word' id='word_1_410' title='bbox 2330 2933 2340 2954; x_wconf 60' lang='grc' dir='ltr'>’ἶ</span> 
     </span>
     <span class='ocr_line' id='line_1_53' title="bbox 2327 3027 2340 3041; baseline 0 0"><span class='ocrx_word' id='word_1_411' title='bbox 2327 3027 2340 3041; x_wconf 67' lang='grc' dir='ltr'>’τ</span> 
     </span>
     <span class='ocr_line' id='line_1_54' title="bbox 2329 3097 2340 3129; baseline 0 0"><span class='ocrx_word' id='word_1_412' title='bbox 2329 3097 2340 3129; x_wconf 71' lang='grc' dir='ltr'>’ἑ</span> 
     </span>
     <span class='ocr_line' id='line_1_55' title="bbox 2331 3178 2340 3208; baseline 0 -3"><span class='ocrx_word' id='word_1_413' title='bbox 2331 3178 2340 3208; x_wconf 67' lang='grc' dir='ltr'>ζ.</span> 
     </span>
     <span class='ocr_line' id='line_1_56' title="bbox 2330 3221 2340 3253; baseline 0 -5"><span class='ocrx_word' id='word_1_414' title='bbox 2330 3221 2340 3253; x_wconf 66' lang='grc' dir='ltr'>ζ</span> 
     </span>
     <span class='ocr_line' id='line_1_57' title="bbox 2333 3269 2340 3298; baseline 0 0"><span class='ocrx_word' id='word_1_415' title='bbox 2333 3269 2340 3298; x_wconf 75' lang='lat'>3.</span> 
     </span>
     <span class='ocr_line' id='line_1_58' title="bbox 2327 3307 2340 3326; baseline 0 0"><span class='ocrx_word' id='word_1_416' title='bbox 2327 3307 2340 3326; x_wconf 60' lang='lat' dir='ltr'>‘r‘</span> 
     </span>
     <span class='ocr_line' id='line_1_59' title="bbox 2330 3355 2340 3383; baseline 0 0"><span class='ocrx_word' id='word_1_417' title='bbox 2330 3355 2340 3383; x_wconf 59' lang='grc' dir='ltr'>,ι’</span> 
     </span>
     <span class='ocr_line' id='line_1_60' title="bbox 2329 3387 2340 3405; baseline 0 -2"><span class='ocrx_word' id='word_1_418' title='bbox 2329 3387 2340 3405; x_wconf 66' lang='grc' dir='ltr'>ΤΞ</span> 
     </span>
     <span class='ocr_line' id='line_1_61' title="bbox 2326 3406 2340 3446; baseline 0 -35"><span class='ocrx_word' id='word_1_419' title='bbox 2326 3406 2340 3446; x_wconf 60' lang='grc' dir='ltr'><strong><em>ἓ</em></strong></span> 
     </span>
     <span class='ocr_line' id='line_1_62' title="bbox 2322 3547 2340 3598; baseline 0 -11"><span class='ocrx_word' id='word_1_420' title='bbox 2322 3547 2340 3598; x_wconf 56' lang='lat'>..5</span> 
     </span>
     <span class='ocr_line' id='line_1_63' title="bbox 2322 3651 2340 3658; baseline 0 0"><span class='ocrx_word' id='word_1_421' title='bbox 2322 3651 2340 3658; x_wconf 66' lang='lat' dir='ltr'>,t</span> 
     </span>
    </p>
   </div>
  </div>
 </body>
</html>
