2340 3658
1031 188 1187 223 Privati.

252 307 336 341 Tac.
360 307 442 341 Met.
467 306 501 347 1,
525 306 590 346 103
604 323 645 329 --
661 304 710 339 ob
734 303 935 338 amicitiam
951 301 1051 337 Mes-

249 364 391 399 salinae
416 374 499 398 eum
530 374 553 397 a
577 361 733 408 Claudio
766 360 814 396 ad
845 359 1052 407 expeditio-

244 432 330 456 nem
364 420 625 458 Armeniacam
662 421 814 454 missum
854 430 940 454 esse
971 429 1053 454 sus-

245 480 393 525 picatus
426 483 486 515 est
508 479 721 524 Boryhesius
747 480 784 514 u.
810 490 857 514 cc.
878 490 919 524 p.
945 478 990 514 15
1019 481 1055 512 et

246 537 335 580 349;
361 557 405 562 -—
431 536 479 572 de
503 536 596 572 locis
621 537 658 572 in
682 538 774 572 Asia
798 536 845 571 ab
871 546 916 572 eo
941 535 1055 571 aditis

250 595 349 630 Ptin.
373 608 410 630 n.
434 596 470 632 h.
495 597 654 640 passim5
678 594 725 629 cf.
751 595 859 629 index
881 607 909 629 ε.
926 606 957 629 v.
973 594 1054 627 Mu-

253 655 395 694 cianus,-
419 672 463 678 —
489 653 634 698 legatus
664 652 805 698 Lyciae
836 652 936 687 Ptin.
960 665 995 687 n.
1021 652 1055 687 Ιι.

249 713 306 754 12,
330 713 371 755 9,
397 713 453 755 13,
477 712 543 757 88;
562 731 606 737 ——
631 722 710 746 cos.
735 722 768 745 a.
786 710 931 745 incerto
942 709 1055 755 Bor-q·

252 771 370 805 hesim
395 771 435 805 u.
459 783 507 804 cc.
528 781 565 813 p.
592 770 636 804 16
667 772 704 804 et
727 770 813 811 35ος
840 788 884 794 -
908 768 1055 813 legatus

249 828 379 874 Syriae
419 828 501 862 Tac.
525 829 603 862 hist.
637 829 670 871 1,
697 828 743 864 10
767 827 830 868 76;
861 828 896 870 5,
920 827 984 868 26;
1009 847 1057 854 -—

248 886 295 921 de
319 886 431 921 rebus
461 897 485 921 a
514 885 688 920 Muciano
725 886 844 930 gestis
881 885 919 920 in
947 884 1054 919 bello

248 943 480 990 Vespasiani
505 947 636 978 contra
657 943 849 979 Vitellium
877 943 958 977 Tac.
974 943 1055 976 hist.

240 1004 397 1048 poseium
434 1002 505 1036 Dio
536 1003 593 1043 65,
635 1004 657 1038 9
688 1014 781 1046 seq„-
809 998 1058 1047 ‘triumphalia

250 1060 298 1096 de
321 1060 421 1095 bello
447 1060 579 1095 civium
605 1060 704 1103 data,
720 1059 788 1096 sed
812 1059 851 1094 in
870 1058 1058 1095 Sarmatas

247 1118 438 1166 expeditio
474 1118 688 1164 fiugebatur’
719 1119 802 1154 Tae.
826 1119 919 1154 Ἰήιε.
949 1117 984 1159 4,
1014 1117 1057 1158 4;

248 1178 296 1214 cf.
317 1178 352 1220 3,
375 1177 437 1220 46,
464 1197 508 1202 -
531 1174 678 1211 ‘urbem
708 1177 902 1222 ingressus
928 1180 1060 1210 cuncta

250 1235 359 1272 simul
394 1236 432 1270 in
464 1246 504 1270 se
538 1235 663 1269 traxit-
695 1233 815 1269 fracta
838 1234 954 1269 Primi
977 1234 1057 1268 An·

250 1295 344 1330 touii
359 1294 523 1339 Varique
537 1293 638 1327 Arrii
662 1292 840 1338 potentia'
859 1292 960 1336 (Tac.
973 1293 1057 1326 hist.

249 1354 284 1396 4,
310 1354 370 1397 11)
391 1351 511 1386 ‘initia
534 1351 765 1397 principatus
790 1355 830 1386 et
846 1354 982 1386 statum
998 1361 1057 1384 ur-

250 1411 310 1446 bis
333 1408 498 1455 regebat'
529 1409 612 1444 Tac.
638 1411 757 1455 Aqric.
785 1409 824 1451 ‘c‘;
850 1409 897 1445 cf,
913 1410 985 1443 Dio
1001 1408 1057 1449 65,

251 1470 316 1512 223
337 1470 395 1511 66,
418 1469 457 1510 2;
484 1487 525 1493 -
554 1468 656 1503 caesi
680 1467 784 1502 iussu
809 1468 890 1502 eius
906 1465 1058 1512 Calpur-

1922 191 1999 233 191

1149 314 1183 337 ι.
1221 314 1412 338 zoussmvs
1454 314 1655 338 cnrsrmvs
1699 303 1812 338 frater
1851 305 2000 339 Arvalis

1196 361 1278 397 231.
1325 360 1500 395 Videtur-
1515 371 1600 395 esse
1627 360 1821 407 Crispinus
1852 362 1903 403 is,
1942 364 2003 408 qui

1197 429 1279 454 cum
1326 419 1540 465 Menophilo
1589 420 1719 454 contr'a
1765 419 2003 455 Maximinum

1197 474 1411 522 Aquileiam
1442 476 1611 511 defendit
1638 477 1774 511 Herod.
1807 479 1840 518 8,
1865 479 1888 512 2
1912 491 2004 523 seq„-

1202 535 1313 578 Gapit.
1349 535 1496 569 Maxim.
1534 536 1579 570 21
1621 535 1686 570 22:
1737 535 1783 569 cf.
1831 536 2005 581 Borqheei

1201 593 1325 628 decad.
1352 594 1396 629 15
1416 606 1452 636 p.
1476 594 1540 636 54,
1570 606 1648 638 opp.
1680 594 1703 628 2
1726 606 1760 637 p.
1784 594 1863 629 232.
1912 595 2004 629 Eius

1197 650 1377 686 habemus
1400 651 1545 686 titulum
1571 662 1604 686 a.
1618 652 1689 687 244
1706 650 1913 687 dedicatum
1930 653 2005 688 Fea

1189 710 1288 754 fasti
1306 722 1343 753 p.
1368 708 1589 743 LXXXVII
1604 725 1647 739 =
1668 709 1703 746 C.
1727 710 1760 746 Ι.
1786 710 1828 744 L.
1852 711 1886 754 6,
1901 711 2005 746 1447.

1157 802 1199 824 Μ.
1225 801 1394 825 msscivs
1421 802 1544 826 ensa
1570 801 1647 826 cos.
1679 791 1749 826 suf.
1774 803 1807 828 a.
1833 794 1898 829 101
1925 803 2006 828 cum

1134 897 1143 903 ”
1200 848 1243 892 Q.
1271 848 1433 884 Servaeo
1459 849 1662 884 Iunoceute
1686 849 1743 883 VI
1761 852 1794 885 k.
1813 851 1906 885 Mai.
1927 852 2007 887 101.

1156 929 1188 952 1..
1214 930 1382 953 MARclVS
1410 930 1612 954 ros-rvuvs
1643 919 1755 954 frater
1780 920 1930 955 Arvalis
1961 921 2007 956 69

1201 976 1246 1011 72
1294 977 1339 1012 75
1370 977 1415 1012 78
1447 978 1494 1013 86
1524 978 1569 1013 8ἶ
1602 979 1648 1014 89
1678 979 1726 1014 90
1759 979 1804 1013 91
1836 979 1937 1014 Dona.
1974 982 2009 1012 Β

1202 1035 1268 1070 101
1298 1035 1382 1076 1053
1406 1036 1653 1080 promagister
1669 1035 1796 1082 primis
1819 1036 2006 1071 mensibus

1203 1092 1348 1138 imperii
1374 1092 1520 1127 Vitellii
1545 1095 1601 1136 69,
1627 1094 1715 1128 item
1742 1094 1798 1132 ²12.
1848 1094 2008 1130 Videtur

1202 1149 1486 1195 distinguendus
1512 1162 1599 1187 esse
1624 1152 1671 1186 ab
1697 1163 1762 1195 eo,
1794 1153 1858 1198 qui
1881 1153 2007 1189 fasces

1201 1209 1323 1254 gessit
1363 1219 1443 1244 cum
1483 1209 1626 1245 Vicirio
1662 1210 1832 1245 Martiale
1867 1212 2008 1246 Marini

1197 1280 1232 1310 p.
1247 1269 1327 1310 129,
1353 1269 1385 1303 si
1401 1267 1547 1314 quidem
1562 1272 1663 1304 recte
1675 1268 1723 1303 ad
1736 1272 1895 1304 aetatem
1914 1270 2007 1305 Tra-

1201 1326 1279 1361 iani
1301 1326 1339 1360 hi
1364 1326 1538 1362 consules
1563 1327 1768 1362 referuntur
1794 1328 1828 1363 0.
1853 1327 1885 1364 Ι,
1910 1327 1954 1363 L.
1971 1330 2006 1371 2,

1200 1385 1310 1427 2314;
1334 1385 1381 1420 cf.
1408 1384 1574 1420 Huclmer
1610 1387 1659 1420 ad
1689 1386 1829 1421 titul-um
1852 1387 1945 1422 hunc
1969 1391 2009 1422 et

1203 1444 1345 1478 Marini
1362 1455 1405 1489 p.
1430 1445 1509 1480 161.

1157 1526 1190 1550 ι».
1220 1525 1410 1549 nAmmvs
1443 1542 1452 1550 .
1485 1538 1494 1548 .
1527 1539 1536 1549 .
1561 1542 1570 1550 .
1671 1540 1680 1549 .
1705 1541 1713 1547 .
1738 1514 1851 1550 frater
1886 1516 2006 1551 Arva·

1201 1571 1247 1607 lis
1272 1572 1353 1608 241.

1156 1643 1190 1667 r.
1214 1642 1388 1666 uAlimvs
1416 1642 1540 1666 canno
1573 1630 1687 1666 frater
1709 1632 1862 1667 Arvalis
1893 1643 2007 1679 coop-

1201 1692 1302 1724 tatus
1328 1689 1413 1735 120,
1448 1687 1580 1724 flamen
1599 1689 1671 1724 ‘vel
1703 1690 1904 1736 proflameu
1928 1691 2008 1726 122.

1157 1785 1340 1796 ......
1367 1770 1466 1793 lmvs
1494 1771 1718 1795 MARcmsvs
1737 1771 1830 1795 unus
1848 1770 1895 1794 ex
1918 1770 2008 1806 pue·

199 1551 207 1556 -
256 1528 340 1563 nius
376 1526 597 1562 Galerianus
625 1527 707 1561 Tac.
737 1527 821 1562 hist.
843 1526 878 1568 4,
912 1526 974 1566 11;
1011 1523 1058 1559 L.

250 1586 343 1622 Piso
367 1595 512 1632 procos.
526 1583 674 1619 Africae
701 1584 723 1618 l.
737 1597 767 1620 ο.
784 1584 850 1626 48;
875 1582 972 1618 filius
991 1582 1058 1617 Vi-

251 1644 344 1680 tellii
369 1644 391 1678 l.
416 1656 446 1678 c.
469 1643 535 1684 803
550 1653 683 1677 —cos
709 1643 839 1677 iterum
865 1644 954 1688 post
966 1651 1059 1675 mor·

251 1705 325 1738 tem
348 1701 493 1737 Viteuii
518 1701 612 1735 Plin.
638 1713 671 1735 n.
695 1701 730 1735 Ιι.
755 1701 812 1743 35,
841 1701 924 1742 163;
950 1710 1002 1735 sc.
1028 1710 1059 1734 a

251 1761 298 1798 ‘10
309 1771 392 1797 cum
404 1759 557 1796 Petillio
571 1759 707 1796 Ceriali
721 1759 892 1805 Boryhesa'
903 1760 941 1795 ll.
957 1771 1004 1793 cc.
1023 1771 1060 1802 p.

253 1819 298 1855 17
322 1831 392 1863 aeq.
419 1821 459 1853 et
481 1819 550 1854 351
574 1830 667 1863 seq-,-
698 1817 745 1854 οἳ.
769 1817 837 1851 Ios.
863 1819 894 1854 b.
920 1817 1003 1851 Iud.
1027 1817 1060 1857 4,

204 1886 206 1888 ’
254 1878 298 1920 2;
325 1896 367 1903 —-
394 1886 471 1912 cos.
495 1875 553 1911 ΠΙ
577 1887 609 1911 a.
636 1875 681 1910 72
705 1875 751 1910 cf.
785 1886 907 1922 supra.
923 1896 968 1901 —
984 1876 1062 1911 vita

256 1936 375 1971 cessit
398 1937 531 1981 postea
567 1944 675 1980 quam
708 1933 933 1980 colloquium
955 1934 1059 1969 habi-

253 1998 331 2030 tum
362 1994 421 2028 est
454 1991 552 2038 quod
583 1992 738 2027 Tacitus
770 1992 807 2027 in
839 1992 987 2038 dialogo
1012 1992 1059 2028 de

254 2052 463 2088 oratoribus
489 2055 633 2086 enarrat
673 2051 755 2085 Tac.
779 2052 867 2087 dial.
886 2052 943 2093 37,
974 2054 1060 2087 ante

258 2122 367 2159 quam
384 2109 531 2146 Plinius
548 2109 750 2144 naturalem
766 2109 957 2148 historiam
974 2110 1059 2146 Tito

256 2169 450 2205 dedicaret
462 2168 560 2204 Ptin.
576 2181 613 2204 n.
626 2169 661 2202 Ιι.
687 2169 744 2211 32,
762 2169 825 2210 62;
850 2169 922 2204 hoc
938 2171 1060 2204 autem

261 2229 399 2265 factum
433 2230 493 2262 est
521 2238 555 2261 a.
587 2227 631 2261 77
656 2227 770 2270 (Ptin.
795 2239 829 2264 π.
856 2228 891 2262 h.
910 2229 1059 2274 praef),

258 2287 350 2324 illud
374 2298 407 2322 a.
433 2286 486 2335 76
504 2285 677 2320 evenisse
700 2284 908 2322 Urlichsius
933 2287 1061 2321 statuit

254 2346 444 2392 Eurys-uss
469 2345 504 2379 d.
524 2345 655 2390 philol.
683 2344 763 2380 Ges.
798 2357 843 2379 zu
873 2345 1060 2390 Wfirzburq

255 2418 306 2440 an
330 2405 388 2439 die
412 2402 507 2437 XXI
536 2403 739 2439 Versamml.
770 2404 953 2438 deuucher
975 2403 1060 2438 Phi-

260 2464 407 2509 loloqen,
427 2461 619 2507 Warzlmrq
644 2461 736 2497 1868
755 2473 795 2507 p.
813 2463 833 2497 1
846 2473 939 2507 seqq.
964 2463 1061 2497 Mor·

257 2525 343 2558 tuus
361 2521 471 2566 igitur
483 2523 543 2555 est
556 2523 715 2555 exeunte
732 2531 764 2555 a.
778 2521 823 2556 ‘16
838 2519 899 2556 vel
910 2520 1060 2556 ineunte

257 2593 291 2616 a.
323 2580 387 2622 ‘173
423 2578 471 2614 cf.
507 2579 636 2614 Bruma
660 2579 684 2615 l.
709 2586 738 2614 'c-
758 2591 798 2623 p.
823 2580 868 2614 17
891 2591 960 2623 seq.
998 2579 1061 2625 qui

258 2638 433 2674 disseruit
469 2638 581 2672 etiam
618 2636 665 2672 de
702 2647 813 2684 opere
850 2638 947 2680 eius,
988 2648 1060 2683 quo

257 2697 401 2745 passim
430 2695 575 2731 Plinius
605 2705 695 2731 usus
726 2699 806 2731 est:
840 2697 864 2732 l.
895 2709 924 2731 o.
953 2708 990 2740 p.
1015 2698 1061 2733 18

256 2769 351 2802 ⁸⁶5⁹·

213 2828 256 2853 u.
282 2825 455 2850 nemus
492 2823 614 2848 uaros
652 2813 765 2848 frater
795 2811 945 2849 Arvalis
983 2814 1061 2850 139.

257 2874 393 2909 Potest
416 2872 532 2906 fuisse
557 2871 726 2907 Licinius
750 2871 881 2918 Nepos
911 2874 1063 2918 praetor

259 2943 291 2967 a.
318 2932 386 2968 105
419 2932 725 2966 commemoratus
757 2942 779 2966 a
803 2931 925 2965 Plinio
949 2942 1002 2975 ep.
1026 2930 1061 2972 5,

255 2993 279 3027 9
303 2991 360 3033 13,
398 2989 460 3034 qui
496 2987 591 3023 dixit
626 2989 663 3024 in
699 2992 831 3024 senatu
874 2988 912 3023 in
949 2998 1063 3023 causa

258 3048 400 3086 Vareni
430 3045 513 3082 Rufi
544 3048 578 3090 6,
600 3048 642 3083 5:
679 3047 726 3083 cf.
757 3047 947 3082 Mommsen
983 3047 1061 3081 ind.

257 3120 351 3144 nom.
374 3107 422 3141 ad
444 3105 606 3141 Plinium
628 3105 749 3140 Keilii.

215 3177 436 3211 9.1.1cm1vs
462 3176 587 3200 miros
605 3164 719 3200 frater
731 3164 880 3199 Arvalis
895 3163 963 3200 183
994 3164 1063 3200 186

261 3226 387 3261 Comm.
412 3224 444 3258 A
469 3223 549 3268 193,
580 3223 758 3269 magister
787 3223 937 3268 collegii
973 3223 1060 3258 183:

261 3286 423 3332 ignotus.

1203 1819 1255 1854 ris
1292 1820 1502 1853 senatorum
1538 1817 1623 1853 filiis
1655 1818 1949 1854 ministrantibus
1975 1830 2008 1853 a.

1203 1877 1248 1913 87
1273 1877 1330 1913 87.

1160 1947 1192 1977 o.
1219 1935 1392 1978 mauhlvs
1420 1946 1557 1970 csnsvs
1581 1939 1732 1982 praetor
1754 1945 1897 1982 peregr.
1915 1946 1948 1971 a.
1962 1936 2007 1971 31

1193 1994 1288 2038 fasti
1310 2005 1399 2039 may.

1158 2063 1189 2086 c.
1208 2063 1400 2087 kunnu-s
1427 2063 1643 2087 PATRvmvs
1669 2052 1740 2087 Vid.
1767 2063 1798 2087 0-
1818 2063 2006 2087 SALONIVS

1203 2120 1244 2143 n.
1271 2121 1304 2146 P.

1158 2179 1191 2202 ι».
1218 2179 1406 2203 usumvs
1436 2180 1612 2204 naevus
1645 2169 1757 2204 trater
1780 2169 1930 2204 Arvalis
1955 2170 2012 2211 38,

1204 2226 1367 2262 fortasse
1392 2238 1437 2262 eo
1475 2238 1571 2263 anno
1598 2230 1793 2274 cooptatus
1818 2230 1913 2267 (cum
1938 2239 2012 2263 non

1204 2287 1409 2322 nominetur
1432 2286 1617 2333 prioribus
1634 2290 1798 2322 aetorum
1815 2286 2012 2332 capitibus,

1204 2346 1476 2391 posterioribus
1518 2355 1633 2391 saepe
1674 2347 2011 2389 commemoretur);

1203 2405 1249 2439 57
1272 2405 1319 2441 58
1342 2405 1389 2441 59
1416 2405 1479 2446 6ος
1503 2404 1750 2449 promagister
1765 2405 1823 2440 55.
1870 2404 2011 2450 Perpe-

1204 2473 1279 2496 ram
1311 2461 1398 2497 olim
1428 2461 1539 2496 habui
1571 2473 1639 2508 pro
1671 2462 1713 2498 C.
1740 2462 1914 2497 Memmio
1938 2462 2012 2497 Re-

1203 2519 1288 2564 gulo
1313 2520 1446 2555 marito
1461 2520 1609 2556 Lolliae
1625 2520 1805 2555 Paulinae
1829 2519 2012 2555 abductae

1205 2578 1238 2612 ei
1264 2589 1287 2613 a
1312 2577 1352 2614 C.
1380 2578 1541 2614 Caesare
1566 2579 1740 2624 Augusto
1767 2579 1922 2623 (Sueten.
1937 2578 2010 2612 Cal.

1204 2637 1267 2679 253
1292 2638 1363 2671 Dio
1387 2638 1444 2677 59,
1470 2638 1534 2679 123
1561 2637 1607 2672 cf.
1632 2637 1818 2671 Relazione
1838 2649 1877 2681 p.
1903 2637 1948 2672 14
1972 2639 2012 2672 et

1204 2706 1299 2741 quae
1335 2694 1571 2741 postmodum
1608 2695 1764 2742 exposui
1800 2695 1837 2729 in
1868 2695 2009 2739 Ephem.

1204 2756 1317 2800 epiqr.
1355 2754 1447 2789 18⁷2
1478 2767 1516 2798 p.
1540 2755 1638 2795 219).
1685 2754 1770 2789 Fuit
1808 2756 1928 2789 autem
1966 2753 2011 2790 P.

1204 2811 1397 2847 Memmius
1421 2811 1589 2856 Regulus
1614 2822 1691 2848 cos.
1717 2812 1784 2847 suf.
1810 2823 1842 2848 a.
1867 2814 1912 2847 31
1917 2814 2012 2858 fasti

1203 2882 1317 2916 παρη·
1340 2871 1433 2916 fasti
1455 2870 1595 2905 Nolam*
1619 2869 1651 2905 I.
1682 2870 1727 2904 N.
1756 2872 1868 2912 19633
1894 2891 1938 2896 -
1965 2871 2010 2906 de

1205 2931 1313 2975 parte
1339 2939 1447 2974 quam
1473 2928 1510 2963 iu
1536 2927 1777 2975 opprimendo
1792 2928 1929 2964 Seiano
1945 2929 2009 2964 ha·
2029 2969 2033 2972 ,

1205 2986 1328 3022 buerit
1363 2988 1434 3021 Dio
1460 2988 1518 3028 58,
1554 2988 1576 3022 9
1608 2997 1718 3032 seqq.;
1743 3007 1787 3012 —
1814 2999 1837 3022 a
1872 2987 2008 3024 Trione

1204 3045 1350 3091 collega
1373 3044 1635 3091 perstringitur
1657 3048 1699 3080 ut
1722 3046 1846 3090 segnis
1870 3044 1918 3080 ad
1942 3057 2007 3093 op-

1203 3103 1415 3150 primendos
1443 3103 1568 3139 Seiani
1602 3103 1787 3139 ministros
1816 3105 1898 3139 Tae.
1924 3118 2009 3143 ann.

1203 3164 1238 3206 5,
1263 3164 1325 3204 113
1350 3182 1394 3188 —
1421 3173 1452 3197 a.
1478 3162 1524 3197 36
1557 3160 1702 3206 legatus
1726 3174 1781 3209 pr.
1805 3174 1861 3209 pr.
1886 3163 2007 3199 factus

1208 3221 1388 3263 Achaiae,
1414 3218 1670 3262 Macedoniae,
1680 3219 1848 3255 Moesiae
1866 3222 1936 3256 Dio
1951 3221 2008 3264 58,

1204 3280 1262 3322 25,
1276 3279 1314 3313 in
1331 3289 1448 3324 eaque
1460 3278 1647 3323 legatione
1665 3277 1809 3313 videtur
1825 3278 2006 3314 mansisse
