2340 3658
717 857 772 905 B.
847 855 1191 905 SACRUM
1225 855 1451 906 DEAE
1489 854 1716 904 DIAE.

421 1010 583 1049 Sacrum
620 1008 716 1046 deae
754 1009 853 1048 Diae
903 1010 1148 1059 temporibus
1189 1010 1473 1061 antiquioribus
1515 1010 1552 1048 in
1594 1013 1686 1049 acta
1724 1019 1801 1046 non
1842 1018 1930 1046 esse
1957 1007 2124 1046 relatum

318 1073 532 1112 ostendunt
560 1075 652 1110 acta
680 1072 770 1109 anni
800 1073 866 1121 14,
900 1073 940 1110 in
983 1073 1123 1123 quibus
1160 1086 1245 1112 cum
1275 1073 1358 1112 dies
1383 1075 1505 1124 pridie
1534 1075 1634 1111 eidus
1659 1073 1788 1111 Maias
1814 1070 1990 1121 proxime
2018 1074 2125 1110 ante-

319 1137 434 1175 cedat
462 1137 563 1175 diem
593 1135 752 1174 XVIII
783 1136 960 1174 kalendas
993 1138 1214 1183 Ianuarias,
1249 1137 1494 1175 manifestum
1532 1141 1592 1175 est
1626 1146 1779 1174 sacrum
1815 1135 1982 1173 exeunte
2018 1133 2125 1173 Maio

317 1202 461 1239 factum
501 1201 552 1239 ab
592 1200 639 1237 iis
682 1199 837 1237 afuisse.
894 1199 1045 1238 Postea
1094 1211 1247 1238 sacrum
1287 1199 1397 1238 initio
1439 1199 1611 1238 breviter
1651 1198 1920 1247 indicabatur,
1969 1199 2015 1236 ut
2052 1207 2125 1247 pro
2187 1194 2190 1197 “

317 1265 441 1303 tribus
474 1263 614 1313 quibus
643 1262 920 1301 celebrabatur
949 1262 1086 1300 diebus
1121 1263 1233 1309 unius
1264 1263 1303 1300 in
1331 1262 1431 1301 actis
1459 1262 1603 1300 mentio
1636 1261 1768 1311 fieret,
1805 1260 1870 1312 qui
1898 1252 2126 1312 plerumque

320 1327 476 1365 videtur
503 1326 624 1364 fuisse
653 1325 848 1364 secundus
876 1325 989 1375 isque
1017 1325 1225 1375 primarius
1251 1325 1317 1377 (cf.
1348 1330 1438 1365 acta
1466 1338 1500 1364 a.
1527 1325 1589 1374 27,
1619 1325 1651 1364 si
1677 1329 1783 1364 recte
1811 1324 1981 1375 explevi,
2007 1325 2056 1363 38
2073 1325 2126 1364 40

321 1391 369 1429 58
397 1391 445 1428 59
473 1390 522 1427 69
552 1386 629 1439 72).
684 1388 790 1426 Huic
818 1388 944 1427 rarius
974 1389 1202 1439 adiungitur
1229 1389 1312 1428 dies
1339 1390 1479 1429 tertius
1508 1401 1586 1439 quo
1608 1399 1763 1427 sacrum
1783 1388 2128 1428 consummabatur

320 1453 385 1503 (cf.
415 1456 504 1490 acta
532 1464 565 1490 a.
595 1450 641 1490 87
672 1453 741 1499 89,
777 1451 868 1490 item
897 1455 988 1490 acta
1015 1465 1047 1491 a.
1077 1453 1149 1500 66,
1179 1453 1218 1491 in
1247 1453 1388 1503 quibus
1419 1454 1452 1491 si
1477 1450 1602 1491 minus
1630 1453 1737 1490 recte
1759 1451 1913 1490 correxi
1929 1451 1968 1490 in
1987 1452 2134 1492 XIIII

319 1518 352 1555 lc.
381 1518 464 1554 Iun.
494 1516 616 1554 verba
644 1526 744 1565 quae
774 1518 865 1553 sunt
894 1515 1012 1553 XIII
1034 1516 1068 1553 lc.
1098 1517 1186 1562 Iul„
1214 1517 1320 1555 solus
1350 1516 1433 1554 dies
1461 1516 1598 1554 tertius
1625 1514 1890 1564 memoratur).
1929 1515 2024 1563 Dies
2046 1518 2126 1555 tres

317 1581 357 1618 in
386 1577 628 1618 documentis
657 1578 703 1615 iis
733 1589 833 1628 quae
864 1583 1074 1628 supersunt
1103 1591 1188 1618 eum
1218 1579 1382 1630 primum
1402 1591 1504 1618 anno
1524 1580 1571 1617 81
1593 1578 1804 1629 perscripti
1831 1577 1907 1617 sint
1925 1577 1964 1628 ¹),
1991 1579 2042 1619 ab
2078 1590 2125 1618 eo

319 1643 411 1681 inde
439 1647 616 1692 tempore
646 1641 824 1691 exceptis
854 1653 954 1692 quae
983 1642 1100 1680 modo
1130 1642 1296 1682 diximus
1326 1643 1424 1682 actis
1453 1653 1642 1680 annorum
1670 1639 1715 1679 8⁷
1747 1645 1787 1679 et
1816 1642 1864 1679 89
1900 1645 2128 1682 constanter

318 1709 525 1756 ponuntur.
581 1704 679 1754 Ipsa
707 1708 835 1742 autem
863 1717 979 1744 sacra
1004 1717 1091 1743 cum
1113 1707 1273 1745 saeculo
1293 1719 1409 1746 aerae
1430 1710 1588 1744 nostrae
1609 1705 1734 1754 primo
1754 1704 1994 1756 secundique
2013 1709 2126 1756 parte

319 1770 448 1820 priore
476 1769 649 1808 breviter
674 1767 712 1805 in
742 1768 839 1806 actis
869 1768 1149 1819 significentur,
1177 1772 1396 1820 posteriore
1425 1773 1556 1811 aetate
1584 1768 1778 1808 uberrime
1806 1773 2048 1810 enarrantur.

986 1972 1024 2001 a.
1074 1959 1203 2003 DIES
1234 1958 1456 2003 PRIMUS.

924 2085 959 2130 1.
1019 2085 1222 2129 Annus
1267 2089 1330 2128 et
1374 2084 1520 2128 dies.

421 2202 561 2240 Annus
591 2204 629 2238 et
659 2199 741 2237 dies
770 2199 847 2237 nisi
873 2200 1006 2250 lapide
1036 2200 1164 2240 fracto
1192 2212 1391 2251 nunquam
1412 2200 1555 2239 desunt
1573 2200 1682 2238 initio
1704 2200 1845 2250 capitis
1866 2200 2031 2240 indicati
2051 2201 2124 2240 sie:

322 2264 373 2306 81
409 2261 493 2321 [90]
787 2264 870 2304 illis
902 2263 1222 2320 co(n)s(ulibus)
1252 2266 1324 2305 illo
1356 2265 1422 2305 die
1452 2263 1697 2318 magisterio
1728 2264 1841 2305 illius
1863 2263 1905 2320 ¹).

791 2333 816 2376 ¹)
844 2335 1084 2378 onaqisterium
1108 2341 1252 2368 notatur
1277 2340 1358 2368 ante
1385 2335 1476 2368 diem
1502 2334 1557 2368 90.

328 2403 409 2503 {gg
440 2401 554 2517 [ἓξ]
589 2403 669 2502 ἓξ
794 2432 877 2472 illis
909 2430 1228 2487 co(n)s(ulibus)
1260 2433 1331 2473 illo
1363 2433 1442 2473 die.

327 2529 406 2571 183
438 2527 551 2586 [241]
791 2528 927 2571 isdem
950 2528 980 2583 ¹)
1013 2528 1333 2586 co(n)s(ulibus)
1365 2531 1437 2571 illo
1469 2531 1548 2572 die.

794 2597 818 2641 ¹)
844 2606 956 2632 aetate
983 2610 1035 2640 ea,
1062 2612 1133 2643 qua
1158 2607 1236 2634 acta
1261 2601 1347 2634 haec
1383 2607 1547 2642 concepta
1571 2606 1670 2641 eunt,
1708 2600 1812 2633 etiam
1849 2599 1888 2634 in
1919 2599 2130 2634 documentis

843 2646 992 2688 puhlicis
1018 2648 1089 2681 iam
1115 2648 1272 2682 consules
1299 2648 1478 2681 ordinarii
1498 2658 1562 2690 per
1580 2653 1682 2682 totum
1710 2659 1842 2681 annum
1867 2648 2129 2682 continuantur.

1069 2832 1107 2876 2.
1167 2833 1375 2878 Locus.

329 2958 379 3002 81
796 2955 840 3000 in
871 2957 996 3001 domo
1027 2960 1141 3000 illius
1163 2959 1207 3016 ¹).

796 3027 823 3071 ¹)
850 3028 1022 3062 omittitur
1054 3029 1194 3062 verbum
1226 3028 1411 3074 magistri,
1445 3042 1511 3075 quo
1543 3041 1619 3064 cum
1647 3029 1772 3073 paullo
1803 3034 1884 3063 ante
1907 3039 2032 3063 nomen
2056 3027 2131 3062 eiu-³

850 3087 925 3108 una
950 3087 1026 3109 cum
1050 3077 1151 3110 verbo
1177 3077 1392 3121 magisterio
1413 3079 1650 3122 perscriptum
1686 3083 1790 3119 esset,
1823 3077 1888 3111 hoc
1930 3082 2020 3110 certe
2058 3075 2138 3110 low

853 3134 935 3165 opus
959 3134 1029 3156 non
1055 3130 1143 3158 erat.

425 3284 450 3329 ¹)
477 3284 532 3321 De
560 3284 655 3321 actis
682 3285 766 3321 anni
792 3286 838 3322 80
862 3286 908 3323 90
934 3283 1051 3322 fracto
1077 3283 1201 3332 lapide
1228 3297 1301 3323 non
1327 3289 1485 3329 constat.
