2340 3658
980 206 1224 242 Domitianus.
1868 214 2001 242 Cxxm

130 321 164 347 ⁵²
198 323 241 363 in
271 323 363 363 luco
394 323 495 364 deae
524 324 631 364 Diae
660 325 896 378 maqisterio
926 324 990 364 Ti.
1022 322 1105 364 Iuli
1138 320 1320 364 Candidi
1350 321 1457 363 Mari
1488 319 1613 374 Celsi,
2060 331 2087 348 ⁸·
2113 324 2145 349 8⁹

256 404 398 431 curam
426 397 570 445 aqente
598 392 649 433 A.
680 394 790 433 Iulio
820 393 1052 441 Quadrato,
1080 392 1238 444 fratres
1268 390 1449 432 Arvales
1480 388 1587 431 deae
1616 387 1727 430 Diae
1757 390 1897 428 sacri-

251 462 389 513 ficium
422 459 621 503 fecerunt.
681 461 730 502 A.
761 462 894 502 Iulius
924 460 1178 510 Quadratus,
1209 460 1278 513 qui
1309 457 1402 501 vice
1431 456 1628 511 magistri
1657 455 1915 508 fungebatur

130 546 163 571 55
258 528 315 570 Ti.
344 529 427 570 Iuli
457 527 639 571 Candidi
670 529 782 570 Mari
812 530 930 583 Celsi,
961 535 1056 570 ante
1085 530 1219 569 lucum
1248 531 1290 569 in
1321 525 1438 568 aram
1469 539 1621 581 porcas
1649 523 1888 577 piaculares

256 598 363 638 duas
390 597 486 639 luco
518 596 771 651 coinquendi
800 603 839 638 et
867 599 1005 650 operis
1033 596 1222 650 faciendi
1252 596 1480 647 inmolavit,
1513 594 1661 634 deinde

256 680 425 708 vaccam
455 666 726 708 honorariam
755 668 858 708 deae
886 667 994 707 Diae
1022 665 1072 706 A.
1105 664 1237 706 Iulius
1267 665 1522 714 Quadratus,
1553 666 1622 717 qui
1650 665 1739 704 vice
1769 677 1862 703 ma-

253 737 373 789 yistri
389 736 650 789 funyebatur‚
679 736 893 777 inmolavit
913 741 1007 776 ante
1029 736 1162 775 lucum
1182 735 1225 774 in
1243 734 1396 787 foculo.
1435 733 1484 773 A.
1506 734 1638 774 Iulius
1659 732 1912 782 Quadratus,
1933 733 2002 784 qui

255 806 343 845 vice
371 805 559 857 mayistri
587 805 848 857 funyebatur,
879 833 1287 845 .............
1317 802 1364 842 L.
1404 802 1591 843 Veratius
1622 801 1863 852 Quadratus
1890 832 1898 840 .
1924 832 1932 840 .
1958 832 1965 839 .
1991 820 1998 829 ·

128 878 164 904 0⁰
254 903 476 914 ......
508 871 552 914 in
581 874 794 928 tetrastylo
825 874 1095 914 consederunt
1124 876 1162 912 et
1191 885 1243 911 ea:
1271 872 1481 924 sacrificio
1512 872 1667 924 epulati
1694 877 1802 924 sunt,

252 941 484 996 sumtisque
513 944 742 997 praetextis
771 947 809 983 et
838 943 1002 983 coronis
1031 941 1182 994 spineis
1211 941 1369 981 vittatis
1399 941 1532 981 lucum
1563 941 1666 981 deae

254 1010 363 1052 Diae
393 1008 450 1051 ad
478 1016 726 1066 summotum
753 1011 1021 1052 escenderunt
1051 1015 1088 1050 et
1114 1023 1189 1062 per
1220 1010 1269 1050 A.
1300 1009 1450 1049 Iuliam
1481 1009 1754 1059 Quadratum,

255 1081 329 1133 qui
358 1078 452 1121 vice
480 1081 675 1133 mayistri
702 1079 975 1133 stangebatur,
1008 1085 1046 1120 et
1077 1108 1553 1120 ............
1587 1079 1656 1131 qui
1685 1080 1774 1119 vice

255 1147 439 1190 flaminis
469 1147 728 1202 funyebatur,
759 1149 862 1190 deae
883 1148 991 1190 Diae
1012 1161 1165 1202 agnam
1195 1147 1375 1201 opimam
1405 1147 1667 1200 inmolarunt,
1697 1147 1999 1200 perseetoqsue)

130 1229 163 1254 ῦὸ
257 1216 463 1260 sacrificio
495 1231 637 1260 omnes
666 1224 756 1259 ture
785 1220 827 1260 et
855 1216 955 1259 vino
987 1216 1192 1269 feceruntg
1228 1217 1375 1257 deinde
1404 1217 1571 1257 coronis
1600 1218 1669 1257 iu-

254 1286 353 1329 latis
375 1285 589 1340 signisque
615 1286 750 1328 unctis
774 1286 820 1328 P.
842 1285 1083 1328 Sallustium
1102 1286 1296 1327 Blaesum
1324 1286 1610 1336 co(n)s(ulem)
1638 1298 1691 1325 ex
1713 1284 2004 1325 Saturnalibus

254 1355 401 1411 primis
431 1353 488 1396 ad
518 1353 763 1396 Saturnalia
791 1355 977 1398 secunda
1006 1356 1245 1408 mayistrum
1274 1368 1453 1397 annuum
1481 1355 1681 1408 fecerunt,

255 1424 355 1466 item
386 1423 433 1465 L.
463 1423 681 1465 Veratium
711 1425 970 1474 Quadratum
985 1421 1018 1478 ²)
1046 1424 1262 1477 flaminem.
1294 1425 1442 1465 deinde
1471 1425 1515 1465 in
1545 1423 1801 1477 tetrastylum

150 1544 153 1547 Ι
257 1491 555 1535 descinderunt
584 1493 722 1546 ibique
751 1492 793 1534 in
824 1493 1004 1534 triclinio
1036 1493 1332 1534 discumbentes
1361 1493 1517 1546 epulati
1544 1498 1640 1534 sunt

132 1567 167 1592 ⁷⁰
254 1559 311 1603 ad
341 1559 590 1614 magistrum
620 1561 685 1603 Ti.
716 1561 866 1603 Iulium
897 1562 1127 1604 Candidum
1156 1563 1333 1603 Marium
1365 1562 1523 1603 Celsum
1530 1577 1549 1611 ;
1576 1551 1840 1614 post'epulas

256 1629 475 1672 riciniatus
504 1628 692 1672 soleatus
723 1643 812 1671 cum
843 1644 1000 1672 corona
1026 1633 1174 1685 pactili
1202 1632 1371 1673 rosacia
1400 1636 1599 1673 summoto
1629 1643 1761 1683 supra

257 1711 453 1740 carcares
483 1697 674 1741 escendit
705 1702 746 1741 et
776 1699 943 1753 signum
973 1702 1188 1755 quadriyis
1219 1707 1257 1742 et
1287 1701 1562 1742 desultoribus
1594 1701 1716 1740 misit.

199 1822 541 1865 BLAESOUOS,
566 1824 746 1869 quem'ad
773 1825 964 1871 imperium
990 1826 1065 1860 Do-
1135 1826 1273 1861 Blaeso
1299 1826 1439 1862 Arvali.
1479 1825 1654 1867 'I'itulum‚
1681 1825 1743 1870 qui
1769 1836 1826 1860 me
1853 1825 2005 1869 fugerat,

200 1882 340 1918 mitiani
366 1883 549 1930 pertinere
580 1883 685 1928 ipsae
711 1882 919 1918 ostendunt.
942 1885 1065 1918 kalen·
1135 1883 1314 1919 indicavit
1338 1885 1424 1919 mihi
1451 1884 1776 1928 Waddingtonius.

199 1943 268 1976 dae
294 1942 527 1976 Germanicae
537 1954 549 1982 ,·
575 1941 620 1975 cf.
640 1941 743 1976 Suet.
761 1942 864 1977 Dom.
883 1942 937 1978 13.
980 1941 1064 1977 Col·
1230 1943 1258 1985 ²¹)
1284 1953 1415 1977 nomen
1442 1944 1550 1988 posui
1576 1943 1620 1976 L.
1648 1943 1794 1978 Veratii
1814 1941 2004 1987 Quadrati,

200 2000 285 2044 lega
308 2000 417 2044 igitur
436 1998 612 2035 Saeniani
630 2000 698 2034 fuit
714 1999 875 2035 Blaesus
902 1999 1064 2046 qnidam,
1090 2046 1092 2049 v
1136 2001 1221 2046 quia
1238 2002 1282 2036 L.
1296 2000 1503 2036 Venuleius
1518 1999 1770 2046 Apronianus,
1790 2001 1835 2035 de
1858 2013 1930 2047 quo
1945 2013 2007 2036 co—

201 2058 262 2106 qui
287 2057 433 2095 videtur
456 2057 582 2093 haberi
607 2069 722 2104 posse
741 2069 807 2104 pro
825 2059 869 2094 P.
887 2057 1066 2107 Salluspio
1135 2060 1240 2104 gitari
1267 2060 1399 2106 possit,
1426 2070 1521 2094 anno
1539 2061 1585 2096 90
1610 2059 1739 2094 flamen
1766 2063 1917 2095 creatus
1936 2063 2006 2095 est.
