2340 3658
960 217 1173 253 Exordium·
1896 231 1976 258 XIII

163 344 274 386 quae
302 330 509 373 indicatio
539 330 725 373 auctoris
755 330 855 372 licet
885 331 1148 373 fallacissimi
1180 332 1459 374 nihilominus
1480 346 1557 387 pro
1580 346 1625 374 re
1664 332 1970 374 dubitationem

162 413 337 455 prorsus
366 413 453 441 non
483 398 679 440 admittit.
738 399 888 452 Itaque
919 399 1047 441 vinea
1070 400 1332 442 Gallettiana
1363 415 1447 442 non
1478 404 1563 442 tam
1595 400 1650 442 ad
1682 400 1796 441 viam
1831 402 1974 442 Portu-

162 480 305 510 ensem
351 467 431 508 fuit
468 481 596 520 quam
635 467 692 508 ad
737 467 1018 523 Campanam,
1056 481 1149 509 cum
1189 468 1267 509 lia-c
1297 468 1440 523 potius
1478 468 1547 509 via.
1586 468 1639 509 sit
1685 467 1803 508 locus
1847 468 1974 509 hodie

161 548 331 590 quoque
369 534 506 576 dietus
547 536 686 588 affoqa
720 535 890 584 Pasino,
927 539 970 576 et
999 535 1095 590 ipsa
1124 540 1188 577 est
1218 535 1346 578 hodie
1378 535 1747 589 Ceccarelliorum,
1780 536 1976 589 quamvis

162 602 322 644 frustra
351 616 448 645 mea
478 615 610 644 causa
638 602 683 644 in
713 602 925 644 tabulario
955 604 1259 645 canonicorum
1290 603 1333 645 S.
1355 603 1518 645 Mariae
1539 603 1583 644 in
1604 603 1797 657 vialata,
1820 604 1975 645 vineae

162 668 505 712 Ceeearellianae
535 671 816 723 dominorum,
845 670 898 712 de
931 684 982 713 ea
1013 684 1058 713 re
1089 671 1358 726 inquisiverit
1378 672 1656 714 Reverendus
1677 672 1744 713 vir
1765 671 1974 712 Henricus

160 736 343 791 Fabiani
390 738 483 780 eius
521 738 729 780 ecclesiae
767 739 1011 781 canonicus.
1077 740 1233 782 Errore
1272 740 1479 781 Biondius
1509 740 1539 794 ¹)
1585 753 1736 794 agrum
1783 739 1974 782 Gallettii

162 804 331 847 vineam
371 806 504 848 fuisse
540 806 710 861 scripsit
747 820 859 861 eam,
899 821 1011 861 quae
1047 822 1156 849 nunc
1198 812 1261 850 est
1300 808 1468 861 collegii
1507 808 1764 861 Britannici,
1804 811 1974 849 secutus

159 873 430 916 narrationes
469 876 715 916 colonorum
755 875 847 917 eius
893 876 973 917 loci
1026 876 1243 917 hominum
1290 876 1460 918 rudium
1499 889 1723 929 rerumque
1762 876 1972 917 avitarum

161 941 290 996 pla-ne
318 943 572 984 nesciorum.
632 943 781 997 Neque
812 943 925 985 enim
956 943 1000 984 in
1030 944 1157 985 vinea
1189 945 1360 998 collegii
1381 944 1617 985 Britannici
1640 944 1726 985 ulla
1749 947 1977 998 supersunt

162 1008 452 1051 aedificiorum
496 1010 766 1064 antiquorum
811 1011 989 1065 rudera,
1030 1012 1149 1053 citius
1181 1012 1241 1053 rei
1274 1012 1497 1053 certiorem
1538 1025 1605 1053 me
1645 1012 1744 1054 fecit
1781 1013 1974 1065 Angelus

164 1079 462 1133 Pellegrinius,
494 1091 718 1133 possessor
748 1084 789 1121 et
819 1080 910 1135 ipse
933 1080 1083 1121 vineae
1106 1081 1324 1122 cuiusdam
1348 1081 1441 1122 eius
1471 1081 1659 1133 regionis
1690 1093 1975 1134 agrorumque

162 1147 396 1189 vicinorum
436 1151 724 1202 perscrutator
762 1147 1133 1200 diligentissimus3
1178 1153 1220 1190 et
1256 1148 1350 1203 ipsa
1389 1150 1518 1190 vinea.
1553 1148 1683 1190 villae
1728 1148 1972 1201 Maglianae

163 1215 365 1269 contigua
386 1216 558 1270 longius
581 1216 634 1258 ab
657 1216 761 1258 urbe
784 1215 926 1269 distat,
952 1230 1078 1269 quam
1102 1216 1344 1257 testimonia
1374 1220 1503 1258 antea.
1527 1217 1663 1258 relata
1683 1216 1912 1257 admittunt
1926 1215 1970 1270 ²).

160 1282 283 1334 Quod
324 1288 466 1326 autem
504 1284 631 1326 hodie
671 1284 798 1325 vinea
836 1283 1191 1326 Ceccarelliorum
1229 1284 1310 1325 sita
1349 1289 1411 1325 est
1445 1285 1592 1339 paullo
1629 1285 1741 1325 ultra
1778 1284 1967 1343 quintum

158 1350 344 1406 lapidem
376 1356 498 1393 extra.
526 1357 692 1407 portam
723 1353 1019 1405 Portuenscm,
1060 1366 1154 1394 cum
1185 1352 1240 1393 ad
1271 1357 1468 1405 quartum
1501 1353 1690 1407 lapidem
1723 1357 1844 1394 extra
1875 1365 1973 1393 eau-

158 1418 255 1460 dem
292 1423 459 1473 portam
496 1432 647 1472 agrum
681 1420 987 1462 Gallettianum
1025 1420 1233 1461 collocent
1263 1421 1478 1462 Manutius
1510 1426 1550 1462 ct
1582 1426 1729 1462 auctor
1760 1420 1973 1473 diagram-

156 1486 284 1528 matis
315 1487 559 1541 Florentini,
596 1487 638 1529 id
670 1488 769 1530 inde
801 1488 1049 1543 explicatur,
1082 1488 1195 1542 quod
1226 1501 1359 1542 usque
1391 1488 1446 1529 ad
1479 1493 1662 1530 aetatem
1685 1488 1847 1530 [frbani
1871 1489 1974 1530 VIII

158 1554 373 1610 pontificis
404 1560 530 1611 porta
551 1556 799 1598 Portuensis
822 1569 906 1597 non
929 1556 1007 1598 fuit
1029 1571 1079 1599 eo
1103 1570 1185 1610 quo
1208 1570 1318 1598 nunc
1341 1562 1405 1598 est
1424 1558 1531 1611 loce,
1564 1557 1639 1599 sed
1663 1563 1781 1599 extra
1806 1557 1973 1598 moenia

158 1623 346 1665 ree-entia
375 1623 419 1664 in
450 1624 543 1665 loco
576 1624 723 1679 paullo
754 1624 924 1678 longius
956 1625 1141 1666 distante
1172 1625 1227 1666 ab
1259 1625 1376 1678 urbe,
1409 1626 1475 1666 cui
1506 1639 1662 1667 nomen
1695 1625 1878 1666 inditum
1909 1630 1973 1666 est

157 1693 199 1732 Ia
229 1693 439 1744 belsalam,
471 1706 606 1748 prope
636 1692 862 1734 stationem
893 1707 1018 1747 quam
1048 1706 1124 1748 pro
1157 1697 1348 1748 tempore
1379 1693 1652 1735 instituerunt
1683 1694 1779 1735 viae
1807 1694 1973 1735 ferreae

157 1759 471 1801 Centumcellas
503 1759 696 1802 ducentis
717 1761 762 1814 ³).
1288 1755 1298 1762 ”

275 1829 339 1871 14.
399 1828 483 1869 Per
525 1829 623 1883 plus
661 1834 826 1871 centum
866 1843 1003 1872 annos
1047 1830 1100 1871 de
1137 1830 1262 1872 noris
1301 1830 1523 1871 Arvalium
1570 1831 1821 1884 fragmentis
1866 1831 1973 1873 nihil

156 1900 418 1950 compertum
449 1900 526 1950 est,
560 1896 694 1938 donec
725 1911 839 1940 anno
874 1900 982 1941 1699
1013 1899 1069 1940 ad
1100 1903 1294 1952 quartum
1326 1898 1515 1952 lapidem
1547 1899 1644 1940 viae
1671 1912 1798 1952 quam
1828 1899 1974 1941 dicunt

156 1963 404 2005 Portuensis
464 1963 577 2006 duae
614 1965 807 2020 tabulae,
855 1980 1061 2007 annorum
1110 1966 1272 2007 scilicet
1310 1967 1377 2007 80.
1410 1967 1460 2007 81
1502 1973 1543 2007 et
1585 1968 1683 2017 183,
1723 1967 1974 2009 eruderatae

156 2036 266 2085 sunt,
297 2045 404 2085 quas
426 2031 589 2086 primus
610 2033 768 2087 publici
790 2034 895 2075 iuris
919 2035 1017 2076 fecit
1039 2034 1263 2090 Philippus
1288 2034 1403 2075 della
1424 2036 1559 2075 Turre
1582 2034 1625 2088 ⁸).
1668 2036 1711 2076 Is
1740 2035 1972 2077 memoriae

156 2113 298 2146 errore
328 2100 510 2154 lapsuve
540 2101 692 2142 calami
724 2115 817 2143 cum
849 2116 933 2143 non
965 2103 1034 2143 via
1058 2103 1283 2144 Portuensi
1313 2104 1381 2145 vel
1411 2102 1644 2157 Campana,
1676 2102 1753 2144 scd
1782 2102 1970 2144 Ostiensi

155 2167 213 2209 ad
258 2172 454 2221 quartum
502 2168 731 2211 miliarium
781 2171 948 2212 tabulas
1003 2171 1183 2212 effossas
1238 2185 1332 2213 esse
1380 2171 1657 2216 affirmasset.
1706 2171 1888 2212 Marinio
1914 2171 1969 2221 5'),

155 2235 270 2277 Feae
290 2234 347 2290 ⁶),
381 2235 564 2278 Biondio
585 2237 617 2291 ⁷)
642 2237 870 2293 imposuit,
910 2244 954 2280 ut
987 2238 1096 2280 falso
1128 2239 1268 2280 lucum
1303 2240 1346 2280 in
1381 2240 1452 2280 via
1488 2239 1672 2281 Ostiensi
1719 2239 1844 2281 situm
1881 2253 1975 2281 esse

156 2307 405 2345 statuerent.
466 2305 721 2347 Refutarunt
753 2319 939 2348 errorem
971 2320 1107 2361 nuper
1135 2308 1319 2350 Ioannes
1347 2308 1543 2361 Baptista
1573 2307 1625 2349 de
1653 2308 1778 2349 Rossi
1799 2309 1831 2361 ⁵)
1861 2321 1973 2349 eum-

155 2384 239 2424 que
284 2376 452 2414 secutus
491 2373 685 2426 Angelus
731 2375 1067 2430 Pellegrinius⁴³)
1109 2377 1333 2429 lucumque
1371 2375 1716 2417 demonstrarunt
1755 2376 1886 2417 fuisse
1929 2376 1972 2416 in

154 2439 281 2481 vinea
326 2439 705 2496 Ceccarelliorum,
753 2444 1015 2496 argumentis
1062 2444 1126 2485 usi
1174 2444 1433 2486 certissimis.
1506 2445 1812 2497 Praeterquam
1859 2444 1971 2484 enim

154 2507 269 2561 quod
309 2507 362 2550 de
400 2509 557 2551 tabulis
595 2523 804 2551 annorum
842 2512 909 2553 80.
950 2511 1000 2552 81
1043 2516 1085 2552 et
1118 2512 1197 2553 183
1228 2516 1343 2553 extat
1375 2513 1648 2554 Buonarrotii
1680 2513 1967 2555 testimonium

154 2575 235 2617 hoc
266 2575 349 2617 fide
381 2576 579 2630 dignum:
618 2585 809 2630 repertae
838 2580 916 2619 leae
948 2582 1242 2632 inscriptiones
1271 2583 1451 2633 fratrum
1485 2582 1701 2622 Arvalium
1739 2596 1872 2622 mense
1903 2584 1971 2622 Ia-

154 2646 305 2684 nuario
337 2645 444 2685 1699
472 2647 543 2685 via
573 2647 790 2686 portuensi
829 2649 886 2686 ad
918 2649 1145 2689 Mallianae
1170 2656 1290 2701 parte
1318 2650 1467 2689 dextra
1496 2664 1521 2690 a
1554 2651 1753 2690 Malliana
1784 2650 1972 2689 euntibus

156 2713 325 2752 Romam
350 2712 420 2766 ¹⁰),
467 2717 553 2753 tam
593 2713 636 2754 in
677 2714 774 2769 ipsa
812 2729 938 2769 quam
977 2717 1064 2758 (lixi
1109 2717 1237 2758 vinea
1274 2717 1625 2760 Ceccarelliorum
1663 2732 1790 2771 quam
1830 2718 1873 2758 in
1905 2731 1967 2770 ca,

250 2916 275 2957 ¹)
303 2915 324 2950 l.
351 2927 383 2950 c.
408 2927 442 2961 p.
461 2916 541 2952 490.
1188 2921 1215 2963 ⁸)
1232 2924 1383 2966 framm.
1410 2925 1450 2955 di
1470 2924 1563 2966 fasti
1588 2934 1621 2968 p.
1649 2923 1747 2958 LXI.

247 2973 276 3017 ²)
302 2973 349 3008 ct'.
389 2975 436 3008 A.
472 2974 674 3019 pellegrini
719 2976 772 3020 9ίὶ
809 2978 927 3022 edeyizj
964 2979 1024 3012 ‹lel
1187 2979 1214 3023 ⁷)
1242 2980 1264 3014 1.
1291 2991 1322 3014 c.
1350 2992 1385 3025 p.
1404 2981 1482 3016 488.

155 3032 300 3074 collegio
324 3032 378 3065 ἅθ’
394 3033 541 3076 fratelli
564 3034 693 3066 Arvali
711 3044 747 3078 p.
765 3035 787 3068 9
814 3038 887 3068 not.
906 3038 940 3071 8.
1186 3037 1213 3077 ⁸)
1242 3039 1335 3072 Arm.
1358 3041 1436 3073 inst.
1464 3039 1635 3072 arclmeol.
1657 3039 1744 3073 1858
1758 3040 1847 3083 p.62
1858 3050 1964 3085 seqq.

248 3088 275 3132 ²)
303 3088 326 3122 l.
353 3100 384 3124 c.
411 3100 444 3134 p.
464 3091 485 3125 9
513 3093 587 3124 not.
605 3092 638 3125 2.
1187 3095 1214 3138 ⁹)
1237 3098 1291 3140 qli
1317 3098 1436 3142 edifizj
1465 3097 1524 3130 εἰεί
1562 3098 1705 3140 collegio
1736 3097 1791 3130 de'
1813 3098 1961 3140 frutelh

249 3146 277 3188 ⁴)
319 3147 547 3182 Monumenta
594 3150 719 3182 veteris
761 3150 863 3183 Antii
908 3162 941 3196 p.
979 3152 1024 3187 91
1092 3154 1222 3187 Art-ali
1246 3165 1279 3199 p.
1299 3157 1331 3190 8,

156 3206 196 3236 et
218 3203 298 3239 384.
1173 3212 1212 3252 ¹⁰)
1241 3213 1460 3246 Buonarroti
1491 3211 1584 3245 Vetri
1607 3213 1818 3247 cimelerc‘ali
1837 3213 1949 3258 praef.

248 3260 275 3306 ⁵)
303 3262 389 3298 Aru.
414 3273 449 3309 p.
467 3265 524 3299 65.
1091 3280 1125 3314 p.
1146 3269 1271 3311 xxu3
1298 3270 1344 3304 cf.
1371 3270 1453 3304 eod.
1480 3271 1667 3305 Murucell.
1696 3271 1729 3304 A
1748 3271 1794 3307 43
1820 3272 1842 3307 f.
1860 3273 1916 3308 99.
