2340 3658
986 187 1068 223 dies
1092 182 1238 222 tertius.
1956 179 2014 222 43

213 309 298 354 213
323 304 442 365 ’[218]
678 300 1014 346 ministrantibus
1043 301 1186 357 pueris
1214 299 1409 356 patrimis
1439 301 1481 340 et
1499 296 1706 340 mati-imis
1734 292 2016 350 senat01·(um)

735 370 1102 426 filis-praetextati
1133 371 1232 421 (sic)
1257 368 1285 421 ¹)
1307 366 1417 424 q(ui)
1439 365 1627 423 s(upra);
1650 364 1794 418 fruges
1814 362 1971 405 libatas
1981 361 2015 416 ²)

738 452 831 482 cum
861 435 1118 482 calatorib'us
1146 441 1188 480 et
1216 435 1435 494 public(is)
1467 434 1523 477 ad
1553 446 1673 476 aram
1702 431 1946 475 retulerunt.

687 509 711 552 ¹)
737 509 940 543 vocabulum
973 506 1198 555 praetextati
1228 519 1293 540 om.
1315 505 1397 541 218.
1438 524 1481 529 —
1518 502 1614 537 Mihi
1633 501 1852 546 probabilius
1877 500 2018 533 verbum

750 556 975 602 praetextati
1000 555 1280 600 coniunqe‘ndum
1312 564 1383 587 esse
1408 563 1484 586 cum
1509 551 1554 584 iis
1580 561 1669 594 quae
1688 549 1911 594 praecedunt
1933 548 2019 580 scri-

748 604 965 646 bendumque
997 601 1260 649 praetextatis,
1292 611 1397 645 quam
1423 610 1491 642 pro
1526 598 1741 631 nominativo
1766 595 1963 630 habendum
1987 601 2019 627 et

752 651 1032 695 coniunyendum
1056 662 1132 683 cum
1158 650 1203 684 iis
1227 659 1316 691 quae
1340 652 1541 690 sequuntur.

683 697 710 739 ²)
735 696 873 732 libatas
898 697 979 739 218,
1004 696 1166 731 libantes
1191 696 1272 737 213,
1297 705 1415 729 errore
1434 699 1531 736 puto.

682 754 1056 811 ministrantib(us)
1078 753 1261 811 puerfis)
1283 750 1521 808 patrimfis)
1551 752 1594 792 et
1622 746 1867 804 matrimfis)
1899 759 2018 790 sena-

734 823 910 880 tor(um)
958 822 1042 865 filis
1078 823 1150 878 qui
1188 835 1330 877 supra.
1378 820 1522 874 fruges
1567 819 1726 861 livatae
1772 820 1872 868 (sic)
1909 820 2017 859 sunt.

732 906 810 948 per
845 891 1102 935 calatoribus
1145 889 1482 933 ministrantibus
1527 891 1626 938 (sic)
1669 891 1712 930 et
1755 899 1832 942 per
1861 898 2016 940 pueros

735 964 1023 1017 praetextatos
1053 973 1148 1002 cum
1178 959 1361 1015 publicis
1392 957 1448 1000 ad
1478 969 1598 999 aram
1628 955 1861 998 retulerunt
1881 955 1923 1008 ¹).

683 1031 706 1074 ¹)
733 1043 780 1066 sc.
795 1032 937 1076 fratres
963 1030 1124 1064 Arvales.

214 1287 267 1330 87
302 1285 374 1343 [90
402 1286 473 1338 91]
684 1283 956 1340 lampadibus
985 1284 1169 1327 incensis
1198 1281 1439 1326 tuscanicas
1477 1281 1764 1335 contigerunt,
1806 1291 1913 1334 quas
1943 1290 2020 1334 per

747 1353 957 1397 calatores
979 1354 1007 1405 ¹)
1039 1351 1235 1395 domibus
1265 1352 1354 1395 suis
1384 1351 1600 1393 miserunt.

686 1421 710 1465 ¹)
735 1421 923 1458 kalatores
949 1424 1007 1459 91.

223 1482 433 1584 [10ΟέΜῇ8
439 1480 662 1596 1531231ὲὸ3
688 1503 842 1547 deinde
871 1502 1141 1559 lampadibus
1161 1502 1345 1546 incensis
1369 1501 1399 1556 ¹)
1430 1499 1670 1543 tuscanicas
1691 1498 1959 1553 contigerunt
1969 1497 2018 1554 ¹),

322 1597 420 1655 [213
451 1595 550 1653 221]
745 1586 853 1628 quas
881 1586 959 1628 per
988 1573 1198 1615 calatores
1219 1570 1253 1627 ³)
1284 1570 1410 1613 domo
1440 1582 1518 1612 sua
1534 1568 1567 1624 ⁴)
1597 1569 1815 1611 miserunt.

686 1665 712 1706 Ι)
739 1663 879 1710 pariter
902 1665 1065 1698 inserunt
1089 1663 1159 1699 213
1182 1663 1252 1699 218
1268 1662 1307 1706 (3)
1333 1663 1414 1699 219.

682 1711 710 1754 ²)
736 1714 979 1756 contegerunt
1002 1711 1082 1746 213.

684 1759 711 1799 ³)
737 1758 925 1793 kalatores
950 1759 1018 1793 118
1042 1758 1123 1793 218.

684 1806 711 1848 ⁴)
740 1805 848 1840 domo
875 1816 942 1840 sua.
967 1806 1054 1847 118;
1081 1804 1210 1840 domos
1237 1815 1325 1840 suas
1351 1805 1437 1845 183;
1464 1802 1592 1837 domus
1621 1813 1707 1838 suas
1733 1802 1817 1842 213;
1844 1811 1932 1835 suos
1959 1801 2020 1844 (sc.

748 1853 942 1896 kalatores)
975 1852 1073 1887 domi
1104 1853 1193 1887 218:
1231 1854 1270 1886 in
1295 1853 1418 1886 ceteris
1434 1852 1556 1896 fracto
1582 1850 1701 1894 lapide
1725 1849 1920 1889 intercidit,
1957 1860 2020 1881 nec

747 1907 892 1942 constat,
917 1907 1033 1934 utrum
1058 1912 1091 1934 a.
1110 1901 1179 1935 105
1203 1899 1408 1942 explendum
1434 1900 1480 1932 sit
1512 1897 1620 1931 domo
1652 1907 1735 1939 sua,
1769 1909 1816 1929 an
1848 1895 2019 1930 domibus

746 1947 840 1990 suis,
873 1954 912 1981 ut
935 1954 987 1981 est
1010 1948 1048 1980 in
1073 1948 1163 1981 actis
1187 1947 1395 1980 Domitiani.
1437 1965 1478 1970 ——-
1517 1945 1576 1978 Em
1609 1945 1696 1978 actis
1726 1942 1875 1977 COMM.
1894 1944 1925 1976 A
1950 1954 2020 1976 ἠοη

744 2001 902 2039 superest
925 1995 998 2028 nisi
1022 1993 1187 2034 MPAD3
1213 2005 1254 2028 ex
1278 1995 1367 2028 actis
1393 2005 1416 2026 a
1441 1993 1511 2027 221
1537 1991 1711 2035 [dlomo[s
1738 1991 1852 2033 suas].
1890 2009 1933 2014 —
1971 1988 2020 2022 In

748 2043 837 2076 actis
861 2054 895 2077 a.
912 2041 982 2076 218
1015 2042 1064 2075 ad
1087 2043 1199 2085 finem
1224 2041 1409 2084 adscripta
1432 2046 1515 2073 sunt
1539 2041 1645 2073 haec:
1685 2037 1799 2080 [item]
1825 2047 1927 2071 mens
1945 2038 2018 2077 am)

746 2088 976 2130 semundam)
1003 2086 1251 2130 bell[ariorum
1271 2087 1476 2121 diviserunt
1492 2088 1531 2120 et
1551 2095 1709 2120 coronas
1723 2085 1773 2127 et]
1800 2083 2018 2129 ungguenta)

748 2139 787 2171 et
812 2135 1028 2182 sportulffas)
1055 2135 1310 2181 acc(eperunt)
1337 2133 1500 2179 singuli)
1527 2133 1700 2167 denarios
1726 2134 1917 2166 centenos.

218 2197 298 2241 155
330 2195 476 2254 [ANT.
499 2194 552 2253 A]
679 2192 950 2250 lampadibus
965 2194 1156 2236 accensis
1172 2192 1416 2236 sacerdotes
1431 2191 1670 2235 tuscanicas
1688 2190 1955 2244 contigerunt
1973 2188 2018 2244 ¹).

684 2264 708 2306 ¹)
734 2275 777 2298 ea:
801 2264 888 2297 actis
913 2262 1024 2298 ANT.
1042 2263 1074 2296 A
1110 2263 1207 2297 solae
1245 2263 1379 2297 litterae
1419 2259 1523 2296 CON
1560 2261 1719 2304 reliquae
1755 2266 1854 2293 sunt:
1892 2259 2023 2292 addidi

747 2312 824 2353 huc,
851 2311 934 2353 quia
954 2311 1136 2353 probabile
1163 2317 1212 2344 est
1226 2310 1425 2356 formulam
1439 2308 1661 2353 respondisse
1678 2308 1764 2341 actis
1790 2318 1878 2350 quae
1902 2313 2018 2340 aetate

743 2359 911 2403 proxima
937 2364 1030 2393 sunt.

320 2462 432 2503 Sacri
458 2464 563 2503 tertii
590 2462 666 2502 diei
693 2474 786 2514 pars
813 2461 999 2513 primaria
1023 2463 1108 2499 erat
1125 2460 1293 2511 epulum,
1323 2459 1429 2510 quod
1456 2459 1496 2498 in
1523 2459 1618 2498 urbe
1638 2458 1720 2497 fieri
1748 2458 1903 2496 solebat
1916 2457 2018 2496 simi-

217 2526 308 2565 liter
335 2532 452 2576 atque
481 2529 570 2564 ante
599 2526 682 2564 dies
711 2527 897 2576 quattuor
922 2524 1068 2564 ibidem
1095 2524 1241 2563 factum
1271 2528 1367 2562 erat.
1421 2523 1698 2562 Ministrabant
1725 2522 1836 2572 pueri
1862 2521 2020 2571 patrimi

218 2594 259 2628 et
284 2589 450 2629 matrimi
480 2593 702 2628 senatorum
730 2589 810 2638 filii,
838 2599 936 2638 quos
963 2587 1002 2624 in
1029 2587 1117 2625 luco
1147 2598 1222 2625 non
1244 2585 1421 2625 adfuisse
1441 2590 1558 2624 antea
1576 2585 1756 2624 vidimus.
1801 2584 2019 2622 Cenavisse

217 2656 344 2691 autem
372 2663 515 2702 pueros
542 2652 617 2701 hoc
637 2663 790 2702 quoque
811 2651 873 2689 die
893 2650 1096 2701 sportulae
1124 2650 1303 2688 videntur
1329 2648 1500 2687 indicare
1521 2649 1571 2687 ab
1590 2649 1637 2686 iis
1658 2654 1846 2698 acceptae
1874 2647 1912 2684 in
1933 2646 2018 2684 dies

221 2715 418 2764 singulos,
456 2726 689 2765 quamquam
721 2714 761 2752 in
790 2714 875 2752 solo
908 2713 1034 2763 primo
1062 2713 1123 2751 die
1152 2712 1373 2752 enarrando
1401 2724 1521 2751 cenae
1550 2723 1682 2750 eorum
1709 2710 1852 2761 mentio
1881 2709 1923 2748 fit
1950 2710 2015 2760 (cf.

215 2767 322 2816 infra⁰
335 2782 375 2816 et
389 2782 479 2816 acta
493 2789 529 2816 a.
547 2776 652 2826 218).
670 2799 718 2804 -
733 2777 793 2815 De
807 2776 972 2827 singulis
986 2787 1116 2826 pauca
1143 2774 1330 2814 addenda
1349 2780 1440 2814 sunt
1459 2775 1512 2814 ad
1531 2787 1579 2814 ea
1605 2786 1706 2826 quae
1735 2773 1783 2812 de
1810 2773 1935 2823 primo
1955 2772 2018 2810 die

217 2844 335 2879 antea
350 2840 600 2891 exposuimus
617 2839 670 2890 (p.
690 2841 736 2878 10
752 2840 889 2890 seqq.).
918 2837 996 2877 Ubi
1013 2838 1119 2889 quod
1135 2839 1183 2877 de
1210 2839 1342 2889 pneris
1372 2838 1453 2876 dixi
1481 2838 1532 2878 ad
1551 2850 1660 2877 aram
1678 2837 1951 2886 referentibus,
1977 2836 2019 2874 id

218 2903 469 2943 confirmatur
487 2915 546 2952 eo,
567 2903 673 2953 quod
692 2902 756 2941 die
774 2903 892 2942 tertio
910 2901 1022 2952 pueri
1039 2902 1158 2952 plane
1185 2901 1367 2941 dicuntur
1392 2903 1525 2952 fruges
1553 2901 1698 2939 libatas
1726 2900 1922 2938 rettulisse
1952 2899 2016 2949 (87

217 2967 408 3016 annisque
435 2965 750 3016 posterioribus).
806 2965 950 3004 Verbis
978 2969 1107 3003 autem
1125 2967 1257 3015 smqes
1283 2966 1417 3003 lit-atae
1443 2975 1545 3015 quae
1566 2964 1714 3003 suntin
1742 2964 1844 3002 actis
1871 2974 1907 3001 a.
1927 2963 2016 3011 219,

217 3029 381 3068 solvitur
407 3029 515 3080 quod
542 3028 736 3067 dubitavit
762 3028 968 3076 Marinius,
995 3027 1170 3078 primone
1198 3027 1261 3066 die
1289 3040 1338 3066 an
1365 3028 1483 3067 tertio
1522 3027 1667 3066 libatae
1709 3026 1843 3076 fruges
1885 3031 2018 3064 essent

217 3092 272 3142 (p.
294 3093 369 3131 289
385 3093 484 3142 seq.)
537 3090 648 3139 Quae
676 3091 742 3129 ubi
767 3091 940 3129 inlibatae
967 3090 1148 3128 dicuntur
1175 3090 1228 3141 (a.
1251 3091 1352 3142 183),
1381 3095 1449 3129 aut
1468 3090 1614 3128 erravit
1632 3089 1698 3139 qui
1717 3093 1807 3128 acta
1826 3089 1906 3127 sive
1928 3101 2016 3127 con-

219 3155 328 3205 cepit
354 3155 435 3193 sive
462 3154 500 3191 in
529 3165 718 3193 marmore
747 3154 946 3203 exaravit,
963 3157 1050 3197 *aut
1083 3154 1245 3192 verbum
1281 3153 1474 3192 inlibandi
1501 3164 1572 3202 pro
1598 3151 1759 3191 libando
1787 3155 2017 3202 usurpatum

220 3221 291 3256 est.
345 3217 541 3257 Videntur
568 3221 696 3255 autem
723 3217 872 3256 libasse
900 3216 1127 3255 sacerdotes
1155 3216 1244 3267 ipsi,
1273 3228 1297 3255 a
1325 3216 1468 3266 quibus
1497 3215 1535 3253 in
1565 3216 1663 3254 actis
1691 3226 1725 3254 a.
1745 3215 1791 3253 81
1821 3214 1933 3265 pueri
1960 3213 2016 3251 di-

223 3285 364 3320 cuntur
389 3281 523 3331 fruges
549 3280 774 3331 accepisse;
807 3292 896 3319 nam
932 3277 1039 3330 quod
1065 3278 1104 3317 in
1131 3279 1231 3319 actis
1259 3291 1292 3319 a.
1312 3281 1387 3318 213
1414 3279 1582 3319 libantes
1612 3278 1792 3317 dicuntur
1817 3277 2016 3333 rettulisse
