2340 3658
325 172 438 200 Lxxx
1061 154 1163 191 Nero
1191 153 1376 189 Claudius.

2177 1006 2194 1042 1
2218 1008 2231 1032 ι

385 1078 609 1124 praeeunte
639 1073 682 1113 L.
708 1074 851 1113 Salvio
883 1071 1039 1114 Othone
1068 1074 1160 1114 Ioci
1189 1070 1368 1122 bomem)
1398 1074 1604 1121 western),
1634 1073 1785 1112 Izmoui
1813 1073 2037 1120 vaccsam),
2066 1069 2150 1110 Mi-

1729 1139 1892 1207 'nervae
1921 1141 2145 1190 vaccazm),

385 1212 513 1251 Genio
542 1211 725 1262 pfflpuli)
756 1211 973 1260 Rsomam')
1006 1216 1172 1251 taurum
1190 1210 1230 1264 ¹).
1262 1211 1305 1250 in
1337 1210 1507 1261 colleqio
1537 1209 1758 1262 adfuerunt
1781 1211 1831 1250 M.
1853 1209 2041 1262 Aponius
2071 1208 2146 1248 Sa-

494 1279 695 1347 thnus
722 1281 1036 1331 promaqsister)
1077 1312 1086 1321 .
1119 1312 1127 1320 .
1162 1312 1171 1321 .
1205 1313 1213 1322 .

226 1376 273 1393 an.
295 1369 323 1393 ιι
385 1379 606 1391 ......
639 1349 688 1389 Α.
722 1351 788 1399 (Ρ)
810 1347 842 1401 ²)
881 1347 1078 1403 Vitellius,
1112 1349 1160 1400 Q.
1194 1350 1425 1390 Postumius
1457 1350 1519 1389 Ga
1551 1380 1560 1388 .
1585 1379 1594 1389 .
1619 1380 1626 1388 .
1652 1380 1660 1388 .
1685 1380 1693 1388 .
1718 1380 1726 1388 .
1751 1379 1759 1388 .
1785 1380 1793 1389 .
1819 1380 1826 1388 .
1850 1379 1859 1389 .
1894 1378 1902 1388 .
1938 1379 1946 1388 .
1981 1378 1990 1388 .
2023 1378 2032 1388 .
2066 1378 2074 1387 .

526 1419 658 1460 Isdem
698 1416 1017 1471 co(n)s(ulibus>
1057 1418 1120 1459 ΙΙΙ
1159 1416 1255 1459 idus
1295 1417 1561 1467 'Ianuar-(ias)
1601 1417 1836 1469 maqisterio
1882 1416 2148 1470 imperatoris

618 1485 806 1553 {Neronis
839 1486 987 1527 Claudi
1020 1487 1254 1539 Caessaris)
1287 1488 1499 1540 Anyfflsli)
1530 1487 1577 1528 II
1603 1486 1779 1539 psalris)
1807 1486 2014 1538 p(alriae)
2053 1490 2147 1526 ante

1988 1552 2142 1622 'aedem

1429 1664 2147 1672 ——-————————-——--—-

323 1732 547 1777 Fragmenta
580 1733 729 1777 reperta
762 1731 798 1765 in
831 1730 938 1766 vinea
965 1730 1272 1766 Ceccarelliorum
1299 1743 1318 1763 a
1347 1731 1385 1764 et
1409 1741 1426 1763 e
1453 1739 1548 1764 anno
1575 1729 1682 1770 1867,
1724 1742 1740 1763 c
1775 1727 1944 1774 exceptis
1978 1727 2145 1764 frustulis

451 1790 635 1825 nonnullis
660 1792 794 1836 postea
820 1789 1005 1825 adiunctis
1033 1800 1126 1824 anno
1155 1790 1255 1826 1869.
1304 1789 1474 1823 Litterae
1502 1788 1599 1822 altae
1627 1790 1712 1822 sunt
1736 1787 1824 1822 mill.
1853 1788 1897 1823 10
1913 1787 2002 1823 -12.

419 1860 696 1906 Descripsimus
716 1860 900 1894 Bormann
920 1862 958 1894 et
976 1870 1054 1904 ego.
1079 1858 1200 1894 *Edidi

324 1933 346 1954 a
365 1923 402 1955 et
420 1932 436 1954 e
454 1919 490 1954 in
509 1920 708 1954 Annalibus
727 1919 818 1953 Inst.
839 1921 935 1955 arch.
954 1919 1043 1955 1867
1069 1930 1102 1964 p.
1118 1919 1196 1954 261.

323 1980 403 2022 262,
431 1993 448 2014 c
474 1982 512 2014 et
537 1991 553 2013 e
579 1978 615 2013 in
642 1978 831 2012 Relazione
856 1990 891 2024 p.
911 1979 957 2014 20
968 1988 1073 2023 seqq.
1116 1977 1196 2011 Lit-

323 2042 483 2074 terarum
509 2037 707 2081 imaginem
732 2036 881 2071 exhibui
908 2035 986 2070 ibd.
1012 2036 1086 2072 tab.
1115 2037 1146 2077 1,
1165 2035 1198 2070 4.

418 2097 492 2132 Gur·
531 2097 738 2142 fragmenta
774 2107 885 2141 supra
922 2094 1118 2141 proposita
1147 2094 1197 2129 ,ad

324 2166 455 2190 annum
475 2157 519 2192 66
546 2156 729 2197 referrem,
756 2154 821 2189 has
839 2154 951 2189 habui
970 2164 1123 2188 causas:
1157 2153 1199 2187 In

324 2214 528 2259 fragmento
557 2227 573 2248 c
598 2225 682 2260 pag.
707 2215 739 2255 2,
758 2215 780 2249 8
813 2224 892 2248 cum
930 2213 1117 2247 nominata
1151 2212 1201 2246 sit

325 2272 479 2308 Statilia'
506 2273 742 2315 Messallina,
779 2282 885 2318 quam
920 2282 991 2306 non
1025 2273 1110 2305 ante
1137 2281 1199 2305 an-

323 2342 405 2366 num
424 2332 469 2367 66
495 2342 516 2365 a
535 2331 685 2366 Nerone
704 2331 740 2366 in
765 2330 1031 2365 matrimonium
1053 2329 1200 2364 ductam

324 2400 409 2424 esse
444 2392 481 2424 et
515 2389 600 2424 inde
636 2389 823 2435 colligitur
858 2387 956 2434 quod
984 2388 1138 2423 Tacitus
1165 2389 1201 2422 in

322 2447 427 2482 libris
455 2448 721 2493 superstitibus
751 2447 796 2482 de
826 2458 870 2482 ea
896 2459 934 2481 re
954 2450 1066 2490 tacet,
1095 2449 1132 2482 et
1157 2457 1202 2481 ex

323 2517 468 2541 nummo
478 2506 723 2552 Ephesiorum
736 2506 796 2550 (cf.
811 2505 924 2540 index
939 2508 1201 2551 personarum),

325 2567 567 2611 fragmentum
592 2565 703 2599 tribui
732 2576 803 2600 non
832 2567 958 2610 potest
986 2575 1080 2599 anno
1108 2564 1201 2599 anti-

326 2625 458 2670 quiori.
491 2625 609 2659 Porro
629 2626 960 2658 commemorantur
978 2622 1203 2668 Augustalia

325 2685 360 2727 (e
384 2693 469 2730 pag.
494 2684 527 2725 2,
554 2683 613 2724 33)
649 2693 776 2717 mense
810 2681 967 2718 Octobri
1003 2683 1203 2723 celebrata,

326 2753 420 2788 quae
454 2752 534 2776 cum
567 2739 669 2774 Nero
697 2740 909 2775 decesserit
942 2751 1066 2775 mense
1098 2740 1202 2775 Iunio

326 2813 356 2837 a.
376 2803 421 2838 68
445 2801 505 2844 (cf.
524 2798 666 2835 Eokhel
685 2800 716 2841 6,
736 2799 830 2841 267),
858 2809 930 2833 non
945 2802 1104 2845 possunt
1121 2809 1202 2844 per-

324 2861 443 2895 tinere
469 2859 541 2894 nisi
561 2858 607 2893 ad
628 2869 760 2892 annum
777 2859 821 2894 66
840 2857 899 2892 vel
918 2859 974 2893 67.
1018 2858 1095 2892 Iam
1115 2868 1202 2891 vero

326 2929 394 2965 per
419 2929 549 2953 annum
569 2918 613 2953 67
641 2917 718 2952 fere
746 2919 863 2951 totum
891 2916 1093 2962 imperator
1118 2925 1203 2960 age-

325 2975 391 3010 bat
415 2976 450 3010 in
471 2976 632 3011 Graecia
657 2975 716 3017 (cf.
739 2974 889 3011 Sievers
908 2975 1061 3008 Studien
1083 2985 1118 3019 p.
1135 2974 1203 3008 126

329 3034 460 3075 -134)
493 3045 612 3080 neque
639 3034 719 3069 eius
746 3033 889 3068 itineris
915 3033 991 3067 ulla
1026 3033 1061 3066 in
1105 3031 1202 3066 actis

327 3093 464 3128 mentio
495 3093 686 3139 reperitur.
735 3093 791 3127 At
822 3091 915 3126 lauri
950 3094 985 3125 et
1017 3090 1203 3137 supplica-

328 3151 468 3186 tionum
487 3152 626 3186 mentio
646 3163 740 3197 quae
759 3151 800 3186 fit
818 3150 854 3185 in
874 3149 914 3184 fr.
933 3162 949 3183 c
967 3161 1002 3196 p.
1019 3150 1052 3192 1,
1067 3151 1112 3186 10
1126 3159 1203 3194 seq.

261 3235 266 3242 .
333 3209 581 3255 probabiliter
614 3211 794 3246 referetur
819 3208 865 3244 ad
892 3219 924 3245 a.
943 3210 998 3251 66,
1026 3219 1097 3254 quo
1124 3218 1204 3242 cum

329 3267 482 3302 Romam
502 3268 673 3304 venisset
693 3268 884 3304 Tiridates
903 3266 1102 3302 Armeniae
1128 3277 1204 3307 rex,

1273 1859 1319 1894 ob
1347 1870 1426 1894 eam
1451 1869 1527 1893 rem
1547 1857 1649 1893 Nero
1669 1857 1869 1904 imperator
1887 1858 2144 1894 consalutatus

1271 1918 1397 1953 laurea
1422 1917 1457 1952 in
1478 1916 1700 1964 Capitolium
1719 1917 1795 1952 lata
1813 1917 1940 1952 Ianum
1958 1917 2145 1961 geminum

1266 1977 1403 2012 clausit
1421 1977 1538 2021 (Suet.
1555 1977 1648 2010 Nero
1662 1976 1716 2011 13.
1734 1977 1794 2016 13;
1814 1976 1884 2010 Dio
1900 1977 1957 2018 63,
1976 1977 1995 2012 1
2017 1987 2144 2024 seqq.;

1267 2036 1312 2072 ef.
1332 2037 1441 2071 etiam
1461 2035 1609 2071 Sievers
1628 2035 1650 2070 l.
1670 2045 1700 2070 c.
1727 2046 1762 2080 p.
1781 2034 1848 2070 115
1867 2034 2000 2080 seqq.).
2036 2035 2144 2080 Quod

1267 2095 1299 2130 si
1325 2106 1447 2129 verum
1475 2096 1543 2136 est,
1572 2104 1665 2139 quae
1692 2093 1733 2128 fr.
1761 2106 1778 2127 c
1802 2103 1888 2139 pag.
1909 2094 1941 2136 1,
1960 2095 1982 2130 2
2001 2096 2039 2129 et
2055 2105 2142 2140 pag.

1268 2155 1300 2195 2,
1319 2154 1364 2189 22
1391 2153 1561 2188 videntur
1588 2152 1865 2187 commemorari
1891 2153 2024 2187 detecta
2041 2155 2142 2198 nesa-

1267 2214 1402 2247 riorum
1427 2213 1594 2252 consilia,
1627 2210 1674 2246 ad
1706 2210 1942 2246 Vinicianam
1974 2212 2142 2247 coniura-

1267 2270 1406 2306 tionem
1421 2273 1596 2316 speetant
1609 2269 1814 2304 Beneventi
1831 2268 2015 2304 detectam
2027 2270 2144 2314 (Suet.

1269 2329 1354 2364 Ner.
1372 2330 1451 2373 36),
1479 2332 1566 2365 vota
1585 2331 1705 2363 autem
1725 2331 1877 2374 propter
1895 2328 2144 2365 valetudinem

1271 2392 1454 2435 concepta
1488 2388 1544 2432 (fr.
1568 2402 1591 2433 9
1618 2391 1656 2422 et
1680 2387 1716 2431 h)
1759 2388 1930 2433 componi
1969 2389 2146 2434 poterunt

1271 2459 1350 2483 cum
1370 2448 1415 2482 iis
1442 2458 1534 2493 quae
1563 2446 1608 2481 de
1635 2445 1804 2482 catarrho
1822 2445 1985 2481 Neronis
2012 2445 2058 2481 ad
2078 2457 2140 2482 an-

1271 2507 1413 2543 num'66
1434 2506 1548 2541 tradit
1563 2505 1814 2540 Philostratus
1830 2503 1892 2538 vit.
1908 2503 2023 2551 Apoll
2037 2505 2071 2547 4,
2087 2505 2144 2541 44.

1273 2566 1375 2610 Quae
1421 2564 1580 2610 denique
1628 2574 1693 2610 pro
1744 2561 1865 2596 reditu
1909 2562 2143 2609 imperatoris

1271 2624 1371 2659 facta
1396 2635 1480 2659 esse
1508 2623 1678 2658 dicuntur
1704 2622 1781 2656 sive
1809 2623 1894 2656 vota
1920 2622 1999 2658 sive
2027 2622 2143 2657 sacri-

1271 2682 1374 2725 ficia,
1409 2693 1454 2718 ea
1485 2681 1676 2718 commode
1701 2681 1906 2716 referentur
1931 2680 1978 2716 ad
2010 2680 2082 2716 iter
2106 2680 2143 2715 in

1274 2740 1469 2777 Graeciam
1498 2752 1529 2775 a.
1557 2741 1601 2776 66
1627 2742 1839 2784 susceptum
1873 2738 1930 2782 (fr.
1957 2751 1974 2773 σ
1998 2747 2082 2784 pag.
2108 2737 2142 2778 2,

1272 2799 1316 2834 27
1336 2810 1459 2845 seqq.;
1487 2799 1530 2834 cf=
1559 2798 1630 2833 Dio
1657 2799 1712 2840 63,
1739 2799 1787 2841 8).

1367 2858 1534 2903 Paginae
1561 2858 1591 2893 1.
1642 2858 1696 2891 ab
1726 2858 1750 2902 ¹)
1776 2859 1902 2892 taurus
1929 2855 1991 2902 qui
2016 2854 2143 2890 immo-

1271 2916 1366 2951 latur
1399 2916 1457 2951 vel
1494 2915 1615 2951 Genio
1654 2915 1781 2961 populi
1814 2913 1970 2949 Romani
2006 2912 2142 2959 priuci-

1274 2975 1378 3021 pisve
1403 2974 1461 3009 vel
1486 2973 1596 3008 Marti
1621 2973 1748 3015 ultori,
1785 2982 1865 3007 cum
1891 2971 1928 3006 in
1955 2971 2053 3006 votis
2079 2981 2142 3006 au-

1274 3033 1355 3068 nnis
1382 3044 1414 3069 a.
1441 3031 1474 3068 d.
1501 3031 1558 3066 III
1583 3042 1700 3067 nonas
1727 3029 1914 3066 Ianuarias
1941 3028 2144 3064 sacrificari

1273 3102 1346 3126 non
1372 3090 1505 3132 soleat,
1533 3092 1645 3136 caput
1668 3090 1738 3125 hoc
1755 3087 1985 3124 referendum
2012 3090 2072 3122 est
2096 3085 2143 3122 ad

1275 3159 1382 3184 sacra
1408 3149 1454 3183 ob
1482 3158 1630 3183 causam
1657 3147 1878 3193 singularem
1914 3148 2020 3182 extra
2044 3144 2142 3181 ordi-

1275 3218 1356 3242 nem
1382 3206 1493 3243 faeta.

1372 3265 1399 3310 ²)
1427 3265 1486 3300 vel
1516 3264 1554 3297 L.
