2340 3658
0 107 21 204 ἠήρ

1060 194 1276 230 Exordium.
2027 215 2075 241 ΠΙ

371 311 411 354 3.
468 310 664 353 Fratrum
683 310 922 364 legitimum
942 322 1163 352 numerum
1183 324 1315 365 supra
1335 311 1521 353 vidimus
1541 313 1650 353 teste
1670 315 1844 354 auctore
1865 313 2074 368 locuplete

257 379 445 422 Masurio
465 378 625 420 Sabino
647 378 781 420 fuisse
801 377 1042 419 duodecim.
1092 378 1202 420 Acta
1221 378 1292 420 ubi
1314 378 1576 434 inspicimus,
1608 380 1769 434 passim
1801 381 2075 423 inveniuntur

256 447 450 490 adfuisse
469 459 647 488 numero
669 446 853 500 minore,
885 450 931 487 ut
960 459 1038 501 per
1066 459 1105 487 a.
1137 446 1192 488 38
1222 446 1452 489 adfuerunt
1482 447 1735 502 plerumque
1765 449 1874 490 terni
1905 454 2071 502 quater-

254 515 355 556 nive
384 518 556 569 praeter
583 513 927 569 promagistrum,
959 514 1063 556 alibi
1094 518 1236 557 autem
1265 515 1455 557 adfuisse
1486 515 1726 558 scribuntur
1756 517 1861 570 seni,
1894 518 2072 572 septeni,

254 583 418 637 octoni3
449 582 494 624 id
514 581 630 636 quod
650 595 745 623 eum
764 581 1006 624 testimonio
1027 581 1102 624 illo
1125 587 1239 625 recte
1260 583 1470 625 convenit.
1522 584 1632 626 Nam
1654 590 1986 628 consentaneum
2009 591 2075 628 est

254 664 387 706 saepe
407 649 619 705 quosdam
639 662 692 691 ex
722 650 904 703 collegio
925 650 980 692 ab
1007 651 1112 693 urbe
1140 651 1307 692 afuisse
1336 651 1404 693 vel
1433 651 1487 693 ob
1518 652 1711 694 morbum
1737 653 1923 694 aliamve
1945 668 2073 707 quam

254 732 428 762 causam
449 718 507 760 ad
530 730 655 760 sacra
677 731 763 759 non
786 718 977 772 venisse3
1003 723 1228 773 praeterea
1251 732 1303 760 ex
1320 719 1428 761 actis
1445 733 1483 761 a.
1506 720 1586 761 118
1602 720 1663 774 (p.
1681 721 1720 774 2,
1738 721 1925 775 35—45)
1942 735 2074 776 appa-

253 791 318 830 ret
346 786 560 828 sacerdoti
589 786 813 828 demortuo
844 800 931 828 non
961 800 1059 829 raro
1089 792 1186 842 post
1223 787 1393 840 longius
1423 787 1696 830 intervallum
1733 788 1902 830 demum
1940 790 2074 831 alium

252 854 525 898 substitutum
556 868 664 897 esse.
723 855 817 906 Quo
847 855 919 897 die
949 855 1135 898 maximo
1167 868 1342 897 numero
1374 855 1603 898 adfuerunt
1630 856 1813 899 Arvales
1839 859 2073 900 sec-undum

251 927 443 965 actorum
473 937 581 978 quas
610 922 817 965 habemus
848 923 1063 978 reliquias,
1095 937 1134 964 a.
1155 925 1209 966 57
1241 937 1280 965 a.
1312 923 1352 964 d.
1384 928 1430 965 ut
1459 923 1629 966 videtur
1651 925 1714 966 III
1736 925 1832 966 idus
1854 925 2072 978 Octobres,

253 1005 348 1035 c-um
398 991 453 1033 ob
499 991 724 1046 imperium
767 990 952 1033 Neronis
995 990 1049 1032 ab
1094 991 1247 1033 iisdem
1289 992 1603 1045 immolaretur,
1652 993 1878 1034 duodecim
1922 1006 2073 1034 conve-

250 1065 425 1114 nerunt3
462 1073 541 1102 nee
577 1065 869 1102 convenerunt
904 1072 1072 1113 omnes,
1114 1073 1213 1100 nam
1244 1061 1337 1114 ipse
1367 1060 1617 1115 imperator,
1650 1074 1775 1114 quem
1812 1061 1855 1102 in
1888 1061 2072 1114 collegio

251 1130 337 1171 iam
357 1132 446 1170 tum
467 1127 602 1169 fuisse
622 1126 799 1169 dubium
818 1141 905 1169 non
926 1131 1003 1181 est,
1037 1140 1087 1167 eo
1109 1126 1179 1168 die
1200 1127 1318 1169 afuit.
1368 1126 1455 1170 Sed
1477 1127 1521 1169 id
1542 1121 1635 1170 611111
1658 1129 1808 1171 Sabini
1827 1129 2071 1170 testimonio

251 1197 380 1239 facile
410 1195 675 1249 conciliatur,
705 1209 799 1236 cum
826 1200 989 1238 constet
1020 1195 1073 1237 iis
1102 1195 1366 1250 temporibus
1387 1197 1431 1238 in
1454 1197 1598 1238 omnia
1620 1197 1803 1249 collegia
1826 1195 2072 1238 sacerdotes

251 1265 320 1307 vel
338 1277 472 1318 supra
493 1276 714 1305 numerum
736 1264 932 1320 cooptari
953 1263 1159 1323 potuisse.
1212 1263 1303 1305 Hoc
1327 1268 1423 1305 acta
1446 1264 1551 1306 satis
1573 1264 1802 1306 ostendunt
1822 1265 2071 1319 plerumque

251 1332 484 1386 collegium
514 1332 628 1373 intra
657 1345 755 1373 eum
784 1344 1004 1374 munerum
1033 1329 1203 1373 stetisse
1234 1331 1304 1373 vel
1336 1336 1450 1373 certe
1480 1346 1566 1374 non
1596 1333 1775 1374 multum
1805 1347 1900 1374 eum
1930 1345 2072 1374 exces-

250 1402 374 1455 sisse,
406 1413 500 1442 cum
531 1400 741 1442 eiusmodi
763 1399 1006 1454 frequentia
1034 1399 1167 1441 semel
1188 1403 1351 1441 tantum
1373 1399 1416 1439 in
1437 1399 1490 1440 iis
1511 1399 1763 1454 reperiatur.
1812 1401 1902 1442 Hoc
1923 1401 2073 1454 quaeri

250 1474 407 1524 potest,
450 1481 477 1510 a
514 1482 598 1522 quo
634 1472 827 1523 tempore
864 1467 1094 1521 collegium
1132 1481 1265 1522 supra
1301 1480 1522 1508 numerum
1560 1468 1807 1509 sacerdotes
1848 1467 2071 1509 admittere

250 1536 459 1591 eoeperit3
512 1548 613 1577 nam
665 1540 712 1577 ut
755 1535 848 1577 iure
891 1535 935 1577 id
981 1535 1073 1578 fieri
1118 1535 1304 1590 potuerit
1346 1534 1445 1576 inde
1491 1535 1544 1577 ab
1589 1535 1695 1590 ipsis
1741 1536 1926 1589 Augusti
1971 1540 2071 1578 tem-

196 1601 201 1606 ’
249 1604 446 1660 poribus,
484 1617 572 1658 qua
608 1603 663 1645 de
702 1616 749 1645 re
786 1603 817 1644 ii
856 1603 1051 1657 videant,
1090 1603 1164 1657 qui
1194 1604 1238 1645 in
1267 1603 1513 1645 universam
1544 1605 1822 1658 collegiorum
1852 1617 2070 1646 sacrorum

250 1673 564 1715 ordinationem
604 1671 844 1725 inquirunt,
885 1670 1117 1712 admodum
1153 1670 1380 1726 probabile
1410 1676 1474 1713 est
1504 1673 1670 1726 priores
1700 1673 1979 1727 imperatores
2018 1687 2070 1715 eo

249 1742 343 1784 iure
373 1741 444 1783 vel
473 1739 732 1782 abstinuisse
762 1740 831 1781 vel
862 1743 975 1781 certe
996 1739 1217 1781 rarissime
1243 1753 1343 1781 usos
1366 1753 1475 1781 esse.
1526 1740 1667 1782 Etiam
1698 1754 1750 1782 ex
1782 1741 1908 1782 domo
1941 1742 2070 1797 impe-

249 1810 413 1852 ratoria
450 1809 524 1863 qui
562 1808 607 1850 in
651 1807 835 1860 collegio
876 1807 1164 1861 inveniuntur,
1208 1807 1238 1848 ii
1276 1807 1476 1849 videntur
1513 1821 1598 1849 non
1639 1809 1763 1851 electi
1804 1823 1898 1851 esse
1940 1825 2069 1865 supra

249 1891 482 1931 numerum,
514 1875 591 1918 sed
620 1875 811 1928 legitime
842 1875 887 1916 in
914 1875 1054 1917 10611111
1080 1876 1346 1918 sacerdotum
1369 1876 1687 1918 demortuorum
1708 1876 1765 1918 ad
1785 1891 1910 1920 sacra
1929 1880 2070 1920 vocati

251 1958 366 1998 esse3
398 1949 510 1986 certe
542 1944 603 1985 ita
633 1942 819 1984 Aemilio
849 1944 1001 1985 Paullo
1033 1944 1237 1985 successit
1267 1944 1435 1985 Drusus
1466 1944 1627 1986 Caesar
1650 1944 1681 1997 ¹)
1716 1945 1995 2000 similiterque
2025 1948 2070 1989 in

251 2014 393 2055 locum
423 2012 489 2054 Ti.
521 2011 720 2053 Caesaris
751 2011 883 2053 Drusi
913 2011 1113 2054 Caesaris
1144 2011 1222 2052 filii
1252 2012 1299 2053 P.
1331 2012 1555 2054 Memmius
1586 2013 1774 2066 Regulus
1805 2013 1975 2056 videtur
2005 2029 2070 2056 co-

251 2085 424 2136 optatus
454 2093 551 2122 esse
570 2079 618 2134 ²).
678 2079 778 2133 Ipse
809 2078 1031 2132 Augustus
1070 2080 1171 2133 quin
1205 2080 1266 2121 ita
1301 2080 1346 2122 in
1384 2080 1613 2134 collegium
1645 2085 1841 2135 receptus
1886 2082 1959 2126 sit.
1996 2083 2070 2124 vix

250 2142 427 2191 dubium
467 2151 550 2202 est,
597 2160 692 2188 cum
729 2147 774 2189 in
815 2147 907 2189 eius
944 2147 1086 2189 locum
1124 2148 1249 2190 homo
1287 2149 1479 2203 privatus
1516 2149 1775 2191 successisse
1807 2148 2069 2205 videatur³),

250 2229 386 2270 neque
432 2216 477 2257 in
529 2215 622 2257 eius
662 2215 802 2257 loeum
848 2215 1079 2258 succedere
1116 2217 1256 2271 potuit
1300 2216 1519 2269 Tiberius,
1566 2230 1660 2258 cum
1707 2218 1807 2259 vivo
1852 2219 2070 2260 etiamtum

250 2284 444 2338 Augusto
475 2283 657 2336 collegio
688 2283 929 2338 adscriptus
966 2297 1062 2325 esse
1092 2284 1336 2327 inveniatur
1369 2284 1414 2339 ⁴).
1477 2285 1611 2327 Gaius
1650 2290 1690 2327 et
1729 2285 1933 2328 Claudius
1970 2301 2069 2329 num

249 2351 439 2405 legitime
478 2350 602 2393 electi
639 2352 725 2393 sint
759 2365 916 2405 necne,
956 2351 1199 2406 ign01·atu-r;
1237 2366 1376 2406 neque
1415 2353 1528 2394 enim
1568 2357 1752 2408 constat,
1794 2360 1935 2396 utrum
1971 2360 2070 2396 ante

250 2419 475 2475 imperium
505 2419 550 2460 in
580 2419 809 2473 collegium
837 2419 917 2462 boc
948 2420 1107 2474 recepti
1138 2421 1225 2462 sint
1254 2433 1400 2462 necne.
1461 2422 1645 2463 Neronis
1673 2427 1812 2465 aetate
1844 2423 2068 2476 collegium

250 2487 476 2530 Arvalium
505 2491 677 2541 praeter
706 2488 945 2541 legitimum
977 2487 1248 2530 sacerdotum
1277 2502 1502 2530 numerum
1523 2490 1693 2531 tertium
1725 2492 1935 2533 decimum
1957 2495 2070 2532 certe

251 2555 479 2597 admisisse
511 2556 699 2597 ostendit
727 2569 929 2598 numerus
966 2556 1144 2598 fratrum
1181 2555 1408 2597 duodecim
1439 2556 1695 2611 imperatore
1732 2559 1921 2610 absente,
1961 2572 2070 2612 quos

251 2636 366 2664 anno
395 2622 450 2664 57
482 2623 734 2666 convenisse
766 2628 895 2666 antea
925 2623 1124 2666 vidimus.
1161 2624 1404 2665 Posteriore
1435 2629 1629 2679 tempore
1658 2625 1701 2666 in
1732 2626 1869 2667 locum
1892 2626 2068 2667 Traiani

251 2694 472 2745 cooptatur
502 2690 747 2732 Hadria-nus
776 2691 995 2745 Augustus
1015 2691 1070 2746 5);
1101 2692 1203 2733 item
1233 2691 1277 2732 in
1309 2692 1536 2745 collegium
1565 2692 1757 2734 adscitur
1785 2694 1839 2735 M.
1870 2694 2070 2736 Aurelius

251 2758 493 2800 Antoninus
523 2759 787 2812 Elagabalus
817 2760 913 2801 sine
942 2759 1072 2801 dubio
1104 2759 1149 2800 in
1180 2760 1319 2801 locum
1350 2760 1540 2814 Macrini,
1573 2774 1829 2814 quamquam
1862 2762 1953 2803 eius
1983 2776 2070 2804 11011

252 2826 498 2868 enuntiatur
528 2839 684 2868 nomen
711 2831 886 2882 propter
914 2827 1161 2869 memoriam
1183 2827 1431 2869 damnatam
1451 2827 1497 2882 ⁰)
1558 2829 1614 2870 At
1645 2829 1679 2870 si
1704 2830 1877 2882 quando
1899 2830 2067 2884 accidit,

253 2898 298 2935 ut
343 2907 481 2935 novus
525 2894 758 2949 imperator
802 2895 887 2936 iam
933 2900 1062 2936 antea
1107 2895 1147 2936 ei
1192 2896 1376 2949 collegio
1424 2895 1665 2950 adscriptus
1710 2904 1841 2950 essct,
1891 2912 1967 2952 pro
2018 2912 2068 2940 eo

253 2961 447 3016 privatus
477 2961 835 3016 substituebat-un
867 2967 914 3004 ut
942 2965 991 3004 T.
1022 2963 1227 3017 Tampius
1258 2962 1493 3005 Flavianus
1524 2965 1728 3006 successit
1756 2966 1847 3006 Ser.
1879 2965 2068 3021 Sulpicio

254 3027 421 3071 Galbae
452 3029 511 3084 (a.
533 3030 587 3072 69
618 3043 687 3071 vv.
709 3029 766 3071 54
781 3029 932 3084 seqq),
970 3043 1065 3072 cum
1096 3044 1317 3072 successor
1348 3030 1459 3073 Otho
1491 3031 1577 3072 iam
1608 3038 1735 3073 autea
1766 3032 1811 3073 in
1841 3033 2068 3086 collegium

353 3142 376 3184 ¹)
403 3140 450 3176 cr.
475 3152 507 3174 a
535 3140 581 3175 14
606 3151 642 3186 p.
669 3143 703 3183 1,
731 3142 786 3176 11.
1292 3144 1321 3187 ⁴)
1348 3144 1371 3178 1.
1398 3155 1429 3178 ο.
1458 3146 1512 3179 15.

347 3198 376 3241 ²)
403 3210 435 3234 a.
458 3199 542 3239 380,
567 3197 625 3233 34.
649 3199 707 3234 35.
1293 3201 1321 3244 ⁵)
1349 3212 1383 3237 a.
1410 3203 1477 3237 118
1502 3213 1537 3246 p.
1556 3203 1591 3243 ⁶2,
1609 3202 1653 3236 31
1670 3212 1776 3247 seqq.

347 3255 376 3300 ³)
402 3267 433 3292 a.
460 3256 505 3292 14
528 3267 563 3302 p.
592 3257 624 3299 1,
650 3257 709 3294 21.
1295 3259 1323 3303 ⁶)
1350 3270 1382 3292 a.
1407 3259 1476 3294 ‘218
1502 3270 1537 3304 p.
1556 3260 1589 3301 2,
1616 3260 1766 3294 21—31.

1744 3318 1802 3358 l*

2235 0 2340 163 le
