2340 3658
282 327 361 370 ΠΙ.
422 326 670 370 PIACULA
708 325 782 370 OB
819 324 1038 371 CAUSAS
1078 324 1440 369 SINGULARES
1471 325 1666 368 EXTRA

421 394 683 439 ORDINEM
711 394 899 438 FACTA
902 424 1611 435 ................
1661 426 1668 433 .

429 475 461 499 a.
499 463 648 510 piacula
672 464 815 499 minora
816 487 1664 499 ...................

497 522 544 557 de
569 522 753 559 relatione
779 522 947 567 magistri
974 521 1095 567 deque
1113 520 1268 556 decreto
1286 519 1436 565 collegii
1456 519 1502 554 de
1521 520 1668 566 piaculo

494 580 677 617 faciendo.

498 643 586 675 acta
609 638 837 686 piaculorum
864 649 936 684 quo
962 638 1072 674 modo
1098 639 1173 674 sint
1198 641 1400 684 concepta:

531 699 562 733 1.
613 707 731 732 annus
757 698 797 731 et
821 695 916 731 dies.

529 757 563 792 2.
612 755 730 790 locus.

528 816 562 849 3.
610 814 704 848 ratio
729 813 969 859 piaculorum.

574 885 608 906 α.
659 882 767 918 quam
793 871 842 907 ob
868 882 1018 907 causam
1044 872 1144 907 facta
1169 873 1245 907 sint
1267 871 1425 918 piacula.

574 933 608 973 β.
656 940 679 964 a
704 940 778 976 quo
804 929 906 966 facta
931 930 1007 965 sint
1031 930 1192 976 piacula.

583 1001 619 1033 y.
669 999 743 1034 quo
768 988 880 1024 modo
907 989 1008 1024 facta
1033 989 1109 1024 sint
1133 989 1294 1036 piacula.

623 1082 807 1130 piaculum
833 1082 968 1117 factum
995 1081 1042 1116 ob
1059 1092 1218 1117 errorem
1237 1084 1419 1128 quendam
1437 1085 1672 1122 commissum

623 1152 646 1176 a
671 1142 833 1177 factione
860 1137 1020 1176 Veneta.

626 1199 813 1246 piaculum
840 1199 976 1235 factum
1002 1199 1051 1234 ob
1076 1210 1227 1239 causam
1253 1201 1442 1238 incertam.

431 1297 467 1333 b.
501 1294 651 1341 piacula
675 1294 817 1329 maiora
819 1317 1673 1333 ...................

535 1355 567 1390 1.
617 1363 734 1388 annus
761 1356 797 1388 et
824 1352 920 1388 dies.

533 1414 567 1449 2.
616 1411 733 1448 locus.

532 1472 565 1505 3.
614 1470 710 1505 ratio
736 1469 976 1516 piaculorum.

581 1543 616 1566 α.
669 1539 763 1575 quas
789 1527 837 1563 ob
864 1538 999 1562 causas
1025 1527 1125 1562 facta
1150 1529 1226 1563 sint
1251 1530 1407 1575 piacula.

664 1588 711 1623 de
738 1587 862 1622 verbis
887 1587 1070 1629 adolendi,
1096 1589 1339 1629 commolendi,
1365 1591 1590 1635 coinquendi.

581 1652 615 1691 β.
663 1658 686 1682 a
711 1657 784 1692 quo
813 1645 911 1680 facta
937 1645 1012 1680 sint
1035 1645 1195 1691 piacula.

578 1720 614 1752 y.
664 1716 737 1752 quo
762 1704 874 1740 modo
900 1703 1035 1749 quibus
1061 1704 1269 1740 numinibus
1295 1705 1397 1741 facta
1421 1707 1498 1742 sint
1521 1708 1678 1754 piacula.

618 1764 665 1799 de
692 1762 1006 1799 suovetaurilibus
1031 1763 1232 1798 maioribus
1259 1768 1294 1797 et
1320 1765 1533 1803 minoribus.

619 1826 878 1859 enumerantur
903 1821 955 1856 dii
981 1821 1149 1868 deaeque
1174 1833 1256 1858 cum
1282 1823 1442 1858 victimis
1469 1823 1680 1860 immolatis.

617 1882 664 1917 de
691 1880 894 1916 Adolenda
919 1880 1186 1916 Commolanda
1210 1882 1436 1918 Deferunda.

620 1941 666 1976 de
693 1939 897 1975 Adolenda
921 1939 1178 1986 Ooinquenda.

619 1998 665 2034 de
679 1998 789 2044 genio
803 1998 1039 2045 imperatoris
1057 2009 1102 2034 ac
1120 1998 1216 2034 divis
1234 2003 1346 2035 antea
1358 2001 1466 2042 XVI,
1485 2000 1621 2036 deinde
1635 2002 1718 2038 XX.

217 2120 269 2162 D.
331 2113 653 2160 COOPTATIO
684 2112 958 2157 FRATRUM
986 2114 1288 2158 ARVALIUM
1290 2145 1673 2155 .........

421 2187 453 2220 1.
504 2193 622 2219 annus
649 2186 684 2217 et
711 2181 806 2218 dies.

358 2291 362 2292 ⁷
420 2245 455 2279 2.
505 2243 622 2278 locus.
733 2282 736 2285 Δ

417 2303 452 2339 3.
501 2300 751 2347 cooptationis
776 2301 883 2336 ratio.

502 2359 692 2406 cooptatio
718 2358 804 2404 ipsa
827 2369 895 2405 per
918 2360 1079 2395 Arvales
1107 2361 1219 2396 facta.

510 2418 659 2453 litterae
684 2417 945 2463 imperatorum
972 2417 1019 2452 de
1046 2419 1271 2466 cooptandis
1298 2419 1483 2455 fratribus.

511 2476 680 2523 precatio
707 2475 971 2522 cooptationis.

511 2534 701 2581 cooptatio
726 2545 774 2569 ex
799 2544 828 2570 s.
848 2545 893 2576 c.,
919 2555 958 2559 —
987 2546 1035 2570 ex
1060 2536 1195 2572 litteris
1219 2537 1280 2572 vel
1305 2537 1448 2572 tabella
1472 2537 1673 2583 imperato-

511 2594 575 2637 ris,
604 2612 647 2619 —
673 2603 720 2628 ex
744 2592 899 2628 arbitrio
925 2593 1086 2640 collegii.

511 2651 705 2700 cooptatio
731 2651 901 2697 sequitur
923 2653 1211 2690 nominationem
1238 2658 1276 2689 et
1300 2655 1627 2690 renuntiationem.

514 2713 562 2747 de
586 2710 758 2746 vocando
784 2710 832 2746 ad
859 2721 977 2747 sacra.

514 2771 560 2806 de
587 2769 697 2805 anulo
725 2769 933 2814 signatorio
959 2769 1205 2816 imperatoris.

421 2832 454 2868 4.
502 2831 737 2877 praesentes.

514 2889 693 2933 cooptare
718 2896 786 2932 per
809 2886 982 2924 tabellas.

514 2945 707 2993 cooptatio
733 2943 861 2979 delata
885 2945 975 2991 quid
1001 2947 1200 2992 significet.

222 3070 271 3114 E.
331 3063 618 3111 ADLECTIO
648 3060 724 3103 ET
753 3058 1134 3108 SUBSTITU'PIO
1164 3063 1544 3108 PUBLICORUM.
1574 3092 1581 3100 .
1621 3093 1628 3100 .
1674 3095 1679 3102 .

424 3142 458 3176 1.
507 3149 625 3174 annus
651 3143 690 3173 et
714 3137 810 3173 dies.

424 3199 458 3235 2.
507 3197 625 3233 locus.

423 3258 456 3294 3.
506 3257 603 3291 ratio
628 3253 840 3300 adlegendi.

518 3313 737 3350 substitutio
762 3311 917 3359 publici.

1846 402 2030 439 136—149

1845 465 1914 500 136
1924 486 1955 490 -
1964 467 2032 503 140

1849 1300 2036 1336 140-149

1851 2121 1921 2156 150
1941 2121 2037 2155 -157

1854 3064 2041 3100 158—159
