2340 3658
357 205 434 233 ccx
441 205 540 233 xxlv
759 177 762 180 ’
1119 189 1227 225 Fasti
1252 188 1402 225 Iuliani.

355 306 503 345 dictum
541 318 651 356 esse,
688 311 732 346 ut
767 306 1003 345 acclamatio
1046 308 1140 355 post
1180 315 1387 343 excessum
1423 303 1599 354 Augusti
1640 303 1766 353 facta,
1808 302 1856 341 de
1895 314 1975 353 qua
2013 302 2177 343 Tacitus

357 370 453 407 Arm.
483 369 518 419 Ι,
549 371 597 408 58
627 369 736 419 dicit,
766 369 818 408 ad
847 369 930 406 eius
960 367 1118 406 honoris
1147 368 1394 407 iterationem
1422 367 1655 417 pertinuerit
1681 366 1746 417 (cf.
1776 366 1999 405 Mommsen
2025 367 2050 405 l.
2079 365 2142 416 c.).

459 432 645 483 Lituras,
684 444 783 483 quas
814 432 958 471 multas
994 431 1034 469 in
1062 435 1315 468 monumento
1342 430 1559 481 reperimus
1588 429 1689 468 alias
1717 429 1951 480 rescriptas,
1986 429 2085 468 alias
2119 441 2176 468 re-

355 496 478 535 lictas
510 498 775 535 Mommsenus
806 493 1083 545 neglegentiae
1113 493 1250 532 tribuit
1278 493 1538 543 quadratarii‚
1574 493 1682 531 cuius
1712 504 1864 531 errores
1893 492 2018 532 credit
2045 491 2178 532 statim

354 560 412 598 ita
445 561 674 599 emendatos
705 571 793 598 esse
823 559 862 608 (l.
893 570 924 596 c.
954 569 992 606 p.
1014 554 1093 604 34).
1147 556 1289 607 Neque
1324 563 1454 595 tamen
1481 557 1522 594 id
1549 556 1642 594 mihi
1670 555 1887 606 persuasit,
1917 567 2003 594 cum
2030 556 2070 594 in
2097 568 2177 596 mo-

355 627 539 662 numento
574 623 694 662 nitide
731 627 769 660 et
807 622 1010 670 eleganter
1047 623 1230 669 exarato,
1276 621 1383 670 quod
1424 621 1462 658 in
1500 620 1630 659 verbis
1666 618 1934 670 exprimendis
1974 618 2178 669 diligentia

355 686 508 724 minime
547 690 699 735 careat,
734 689 793 723 tot
828 685 985 733 integra
1019 681 1154 732 capita
1189 682 1254 720 vix
1288 683 1494 722 videantur
1527 683 1706 734 potuisse
1741 683 1839 720 locis
1875 693 1952 719 non
1990 681 2069 721 suis
2105 693 2175 733 po-

355 749 431 788 sita
459 761 564 788 esse:
604 750 642 787 in
675 748 813 799 paucis
850 747 972 796 enim,
1009 757 1109 796 quae
1144 757 1193 784 ex
1233 746 1325 785 solis
1365 751 1550 797 quattuor
1585 746 1786 784 mensibus
1821 748 2036 793 remanent,
2069 745 2176 796 frag-

354 812 495 851 mentis
530 813 669 851 liturae
710 816 905 862 apparent
939 822 1017 848 non
1052 809 1176 846 minus
1215 813 1324 859 octo,
1359 810 1398 848 in
1434 809 1533 860 ipsis
1569 814 1700 848 autem
1736 807 1866 846 verbis
1896 807 2175 858 superstitibus

355 887 431 914 non
460 880 522 914 est
548 875 782 914 emendatus
811 873 885 912 nisi
915 874 1027 912 locus
1056 885 1155 911 unus
1186 872 1301 923 (Sept.
1321 874 1376 922 2),
1404 873 1442 911 in
1473 884 1550 923 quo
1580 873 1702 911 verba
1721 884 1762 910 ex
1779 884 1807 910 s.
1828 884 1858 910 c.
1886 882 2008 921 supra
2031 870 2175 910 lineam

354 938 491 978 addita
530 943 639 988 sunt,
679 950 749 978 nee
788 949 940 978 errores
977 936 1104 975 relicti
1141 940 1231 974 sunt
1264 936 1338 975 nisi
1377 936 1428 974 ad
1463 935 1564 974 diem
1602 935 1768 974 eundem
1797 934 1986 973 omissum
2013 935 2176 986 verbum

357 1004 461 1053 apud
488 1007 528 1041 et
555 1002 606 1041 ad
637 1002 727 1043 Oct.
749 1005 771 1042 9
801 1002 896 1041 Gem·
916 1001 1059 1052 publici
1092 1012 1166 1051 pro
1204 1012 1300 1040 casu
1335 1000 1455 1039 tertio
1491 1000 1691 1050 scriptum.
1747 999 1858 1048 Quae
1887 1010 1975 1038 eum
2001 998 2060 1038 ita
2086 998 2175 1052 sint,

353 1067 576 1105 etiamnunc
605 1067 732 1116 magis
759 1066 853 1105 mihi
880 1065 1075 1116 probatur
1100 1063 1154 1113 id,
1184 1063 1291 1114 quod
1312 1064 1404 1102 olim
1422 1064 1613 1115 proposui
1641 1062 1854 1114 (Relazione
1881 1074 1919 1113 p.
1941 1061 2021 1114 84),
2047 1062 2174 1102 fastos

353 1130 506 1169 scilicet
532 1130 688 1169 vivente
718 1131 906 1178 Augusto
945 1128 1092 1166 incisos
1128 1127 1235 1165 varie
1263 1126 1515 1177 postmodum
1544 1129 1805 1166 commutatos
1834 1137 1935 1165 esse.
1990 1125 2041 1164 Id
2068 1125 2176 1177 quod

351 1194 395 1233 C.
421 1193 590 1233 Caesari
618 1193 866 1244 potissimum
893 1190 1143 1231 tribuendum
1172 1200 1261 1228 esse
1291 1190 1453 1228 conieci.
1502 1189 1627 1238 Quem
1647 1190 1760 1229 fastis
1782 1189 1984 1228 addidisse
2004 1193 2176 1240 apparet

351 1258 513 1295 inferias
553 1257 780 1296 Germanici
816 1256 879 1294 die
917 1258 963 1294 10
993 1253 1180 1294 Octobris
1218 1253 1500 1302 celebrandas,
1538 1266 1640 1304 quae
1676 1265 1752 1292 non
1780 1253 1965 1302 leguntur
1991 1253 2030 1290 in
2059 1251 2173 1292 fastis

351 1321 608 1359 Amiterninis
646 1321 718 1358 sub
752 1319 912 1358 Tiberio
949 1317 1124 1356 exaratis
1160 1317 1224 1363 (cf.
1264 1317 1301 1356 C.
1339 1318 1373 1354 I.
1412 1318 1457 1355 L.
1490 1317 1508 1354 J
1538 1330 1575 1367 p.
1595 1319 1670 1356 295
1700 1321 1739 1356 et
1766 1315 1878 1367 325),
1916 1316 2100 1365 leguntur
2134 1316 2175 1356 in

352 1385 582 1423 Antiatibus
625 1384 697 1422 sub
744 1384 918 1422 Claudio
952 1382 1086 1419 incisis
1133 1380 1179 1430 (l.
1217 1392 1248 1418 e.
1287 1392 1324 1429 p.
1352 1381 1427 1419 295
1463 1386 1504 1419 et
1538 1380 1648 1430 329).
1710 1380 1775 1418 Ad
1818 1379 1920 1418 diem
1960 1379 2080 1429 igitur
2110 1379 2174 1418 VI

350 1448 438 1486 idus
481 1447 677 1488 Octobres
720 1459 806 1485 eum
848 1447 887 1484 in
923 1445 1036 1484 fastis
1077 1444 1282 1483 Arvalium
1326 1444 1442 1482 litura
1483 1444 1734 1492 observetur,
1778 1446 1910 1482 notam
1949 1443 2176 1482 inferiarum

351 1511 575 1550 Germanici
620 1512 670 1550 ad
707 1523 799 1550 eum
842 1510 942 1548 diem
977 1510 1085 1547 iussu
1126 1508 1336 1558 Caligulae
1377 1507 1619 1557 adscriptam
1661 1510 1758 1557 post
1798 1507 1923 1557 ipsius
1952 1506 2174 1546 Claudiive

349 1579 512 1613 mortem
548 1575 717 1614 deletam
760 1585 847 1613 esse
889 1573 981 1612 mihi
1015 1572 1224 1623 probabile
1260 1574 1332 1609 est.
1396 1569 1585 1611 Similiter
1625 1576 1756 1610 autem
1793 1569 1982 1619 Caligula
2016 1569 2095 1609 alia
2131 1570 2175 1610 in

348 1638 536 1677 honorem
573 1638 743 1678 familiae
772 1638 980 1688 Augustae
1016 1637 1227 1677 innovasse
1254 1637 1417 1685 videtur,
1449 1648 1549 1687 quae
1577 1639 1670 1686 post
1703 1639 1866 1673 mortem
1905 1634 1989 1672 eius
2023 1633 2175 1674 abolita

351 1706 450 1741 sunt.
507 1702 564 1741 Ut
602 1714 686 1741 cum
723 1702 902 1741 Actiacas
929 1702 1144 1752 Siculasque
1169 1704 1344 1740 victorias
1371 1700 1545 1751 Augusti
1570 1707 1610 1738 ut
1631 1700 1802 1749 funestas
1823 1698 1968 1749 populo
2003 1698 2173 1738 Romano

349 1773 383 1805 ει·
409 1767 647 1805 calamitosas
673 1768 825 1804 vetuerit
850 1766 1081 1804 sollemnibus
1104 1767 1215 1816 feriis
1249 1766 1426 1804 celebrari
1453 1763 1579 1815 (Suet.
1603 1762 1686 1802 Cal.
1707 1761 1794 1813 23),
1823 1762 2067 1813 quamquam'
2094 1774 2174 1802 non

349 1830 495 1880 ubique
524 1829 672 1869 delevit
691 1843 824 1870 earum
846 1830 1095 1879 mentionem,
1122 1829 1206 1867 fieri
1232 1832 1378 1880 potest,
1407 1833 1451 1867 ut
1478 1828 1528 1866 ob
1558 1826 1808 1866 coniunctam
1828 1837 1914 1864 cum
1935 1837 1984 1865 ea
2009 1830 2173 1865 mortem

349 1893 535 1943 Antonii,
570 1905 594 1932 a
634 1905 712 1944 quo
748 1894 877 1944 magis
913 1905 1031 1944 quam
1069 1904 1094 1932 a
1128 1892 1301 1932 Caesare
1337 1893 1523 1942 Augusto
1562 1890 1806 1941 gloriabatur
1840 1901 1883 1928 se
1917 1888 2175 1929 descendisse

351 1957 446 2007 (Dio
476 1960 539 2007 59,
566 1956 654 2007 20),
697 1956 930 1996 adnotatam
975 1957 1026 1995 ad
1063 1956 1255 1996 kalendas
1291 1958 1499 2007 Augustas
1536 1954 1868 2005 expugnationem
1903 1952 2175 1993 Alexandriae

351 2021 623 2061 abradendam
668 2021 830 2071 eiusque
867 2021 957 2059 loco
992 2020 1263 2071 reponendum
1304 2019 1501 2059 curaverit
1535 2017 1705 2057 natalem
1744 2017 1903 2056 Claudii
1937 2015 2174 2066 Germanici,

350 2096 440 2123 cum
472 2083 631 2123 deesset
659 2085 698 2122 in
726 2085 844 2123 fastis
874 2085 1059 2135 spatium,
1088 2096 1166 2135 quo
1194 2084 1307 2122 huius
1334 2087 1430 2122 nota
1455 2081 1647 2121 collocari
1672 2085 1840 2132 poterat.
1895 2080 2059 2131 Postea,
2087 2093 2175 2120 cum

351 2148 555 2198 imperium
584 2147 752 2198 adeptus
783 2151 890 2186 esset
919 2147 1135 2197 Claudius,
1163 2148 1231 2198 qui
1258 2147 1484 2186 memoriam
1512 2145 1593 2184 divi
1618 2144 1794 2194 Augusti
1821 2144 1989 2183 maxime
2017 2145 2177 2185 colebat

352 2209 478 2259 (Suet.
509 2210 650 2250 Claud.
673 2211 755 2261 11),
794 2216 834 2250 et
860 2211 1001 2262 reponi
1029 2211 1204 2251 debebat
1243 2210 1390 2250 mentio
1422 2209 1611 2249 victoriae
1639 2208 1960 2258 Alexandrinae,
1990 2219 2062 2247 nec
2088 2208 2176 2248 tolli

354 2278 513 2324 poterat
540 2274 732 2314 indicatio
761 2275 905 2313 natalis
933 2275 1137 2326 principis,
1194 2274 1312 2323 Quod
1342 2274 1374 2312 si
1401 2279 1509 2311 recte
1537 2271 1670 2322 posui,
1699 2271 1922 2322 explicatur
1946 2271 2038 2312 inde
2067 2271 2176 2322 quod

350 2338 488 2378 litteris
514 2338 727 2377 minoribus
748 2343 787 2377 et
812 2339 851 2376 in
878 2338 997 2376 litura
1025 2338 1177 2389 scripta
1206 2341 1296 2376 sunt
1323 2349 1371 2376 ea
1390 2347 1491 2387 quae
1521 2335 1694 2375 dubitari
1722 2336 1858 2386 nequit
1884 2335 1976 2386 quin
2002 2335 2096 2374 inde
2123 2335 2174 2376 ab

350 2398 462 2441 initio
489 2402 527 2440 in
555 2402 696 2440 tabula
714 2401 908 2452 inscripta
928 2401 1074 2441 fuerint
1103 2401 1170 2452 (cf.
1201 2402 1397 2439 Relazione
1423 2412 1460 2451 p.
1483 2400 1531 2439 85
1559 2403 1598 2438 et
1626 2399 1705 2438 tab.
1726 2400 1762 2448 3,
1782 2399 1827 2448 c).
1855 2421 1906 2427 —
1938 2397 2027 2437 Has
2054 2398 2176 2448 igitur

351 2465 402 2504 ob
432 2477 574 2504 causas
603 2465 693 2503 mihi
722 2465 848 2515 magis
877 2466 1013 2516 placet
1046 2465 1179 2516 opinio
1215 2464 1305 2503 olim
1333 2464 1561 2515 proposita3
1597 2462 1669 2501 sed
1697 2466 1846 2501 certum
1870 2461 2056 2501 iudicium
2083 2473 2175 2513 pro·

351 2529 453 2581 ferre
483 2541 561 2567 non
591 2527 731 2577 audeo,
761 2540 848 2567 cum
867 2529 1099 2568 Mommseni
1121 2528 1320 2567 sententia
1338 2526 1559 2567 confirmari
1583 2526 1765 2565 videatur
1792 2525 1918 2565 forma
1943 2525 2174 2574 litterarum,

352 2604 470 2643 quae,
499 2591 678 2642 quamvis
709 2591 889 2632 diversae
917 2593 1205 2643 magnitudine,
1235 2592 1350 2631 valde
1378 2596 1509 2631 tamen
1538 2590 1682 2630 similes
1710 2589 1749 2628 in
1776 2588 1895 2628 litura
1920 2587 2099 2628 visuntur
2125 2599 2174 2627 ac

350 2656 388 2694 in
419 2659 670 2694 monumento
698 2668 777 2694 non
807 2667 898 2694 raso
929 2656 995 2706 (cf.
1014 2658 1209 2696 Relazione
1236 2656 1316 2696 tab.
1338 2657 1360 2693 3
1379 2655 1423 2705 e).
1443 2676 1493 2683 -—
1521 2655 1568 2694 In
1588 2653 1702 2692 fastis
1723 2652 1928 2692 Arvalium
1949 2663 2037 2691 cum
2057 2653 2174 2691 notae

351 2728 563 2762 occurrant
593 2723 741 2763 dierum
771 2713 828 2758 Ν)
857 2726 898 2763 et
925 2714 996 2774 Ν),
1025 2725 1128 2765 hanc
1158 2725 1428 2763 Mommsenus
1456 2724 1626 2775 (Ephem.
1656 2735 1694 2773 p.
1721 2721 1787 2773 34)
1815 2722 1961 2772 pictam
1988 2732 2075 2760 esse
2102 2732 2173 2772 po-

351 2791 429 2830 suit
463 2804 536 2842 pro
564 2804 612 2831 ea
640 2804 740 2843 quae
776 2793 935 2831 formari
970 2794 1072 2832 solet
1099 2783 1169 2829 N),
1199 2782 1256 2827 Ν)
1293 2797 1422 2831 autem
1459 2793 1645 2843 scriptam
1680 2803 1767 2830 esse
1802 2802 1876 2841 pro
1914 2790 1954 2829 N
1992 2789 2174 2840 simplici.

352 2860 522 2900 Fallitur
548 2863 701 2911 tamen,
736 2873 822 2899 cum
851 2865 983 2900 notam
1013 2851 1070 2895 Ν)
1100 2874 1308 2913 superesse
1337 2866 1457 2911 negat
1485 2861 1561 2899 nisi
1587 2859 1768 2899 kalendis
1797 2858 2061 2908 Octobribus,
2090 2857 2173 2908 qui·

352 2930 426 2968 bus
455 2941 497 2968 re
526 2941 621 2970 vera
649 2934 742 2969 nota
762 2930 801 2968 N
822 2930 923 2967 solet
950 2929 1111 2980 adpicta
1139 2942 1244 2979 esse;
1274 2942 1364 2968 nam
1386 2929 1531 2980 legitur
1553 2918 1610 2963 Ν)
1630 2928 1744 2967 etiam
1766 2927 1818 2967 ad
1838 2930 1942 2978 Aug.
1961 2927 2022 2966 23.
2035 2927 2096 2966 25.
2112 2923 2175 2976 27,

352 2991 495 3043 quibus
536 2993 674 3032 diebus
712 2998 806 3033 nota
839 2993 976 3031 eadem
1011 2994 1051 3031 in
1090 2994 1204 3033 fastis
1234 2993 1414 3032 omnibus
1444 2994 1674 3031 constanter
1699 2991 1812 3030 redit.
1867 2989 1978 3039 Quae
2006 2989 2174 3028 enimin

351 3056 465 3095 fastis
506 3057 710 3096 Pincianis
746 3056 871 3095 fuisse
908 3057 1117 3096 traduntur
1149 3058 1302 3097 litterae
1336 3058 1375 3096 N
1412 3055 1668 3107 descriptoris
1706 3053 1960 3106 neglegentia
1993 3052 2176 3092 videntur

355 3123 468 3158 ortae
499 3132 586 3159 esse
617 3121 672 3170 (C.
702 3123 736 3160 I.
766 3121 814 3159 L.
844 3121 865 3161 I
892 3133 930 3172 p.
951 3122 1056 3171 298).
1112 3122 1255 3172 Itaque
1286 3122 1317 3160 si
1345 3124 1451 3159 recte
1481 3119 1671 3159 iudicavit
1690 3121 1965 3168 Mommsenus,
1992 3117 2032 3156 in
2058 3115 2173 3157 fastis

357 3184 558 3223 Arvalium
590 3185 738 3223 dierum
765 3189 884 3224 notae
913 3196 1204 3236 nonnumquam
1233 3185 1366 3236 paullo
1396 3183 1669 3234 neglegentius
1698 3183 1844 3222 incisae
1873 3185 1974 3221 sunt.

457 3246 744 3298 Supplementa
780 3248 991 3299 desumpta
1026 3254 1117 3288 sunt
1151 3261 1199 3287 ex
1235 3249 1349 3288 fastis
1386 3247 1634 3299 potissimum
1662 3245 1936 3295 Amiterninis,
1968 3244 2062 3284 licet
2095 3254 2174 3283 non

355 3321 510 3362 semper
528 3311 796 3362 respondeant
815 3314 935 3353 notae
956 3312 1147 3352 fastorum
1166 3311 1383 3353 Arvalium.
1420 3312 1662 3360 Fragmenta
1678 3315 1805 3349 autem
1827 3312 2038 3362 supersunt
2056 3306 2174 3348 haec:
