2340 3658
1039 201 1204 239 piacula.
1942 200 2020 245 143

150 306 151 309 Ἴ
219 316 403 381 [ALEX.
430 314 482 374 Β]
685 332 775 360 cum
803 319 934 360 solum
962 320 1128 360 verbum
1156 332 1270 372 mag.
1299 320 1493 373 supersit,
1513 332 1594 360 non
1615 322 1776 359 constat
1796 331 1875 371 quo
1899 320 2020 362 modo

741 394 838 430 acta
881 393 1077 440 concepta
1124 389 1305 440 fuerin&
1346 389 1536 429 videntur
1580 394 1713 430 tamen
1757 392 2021 442 respondisse

741 459 846 499 actis
874 471 914 498 a.
946 457 1042 498 224.

451 755 456 759 ⁵
519 782 553 810 c.
605 782 684 822 quo
713 769 834 810 modo
864 770 1009 823 quibus
1038 770 1269 811 numinibus
1294 771 1413 823 facia
1440 773 1524 812 sint
1550 772 1732 824 piacula.

322 871 500 918 piacula,
542 872 591 909 de
631 873 773 922 quibus
813 878 931 911 antea
962 858 1126 922 egimus,
1154 874 1304 911 minora
1331 874 1402 911 soli
1428 874 1525 912 deae
1552 875 1653 913 Diae
1693 875 1875 914 videntur
1912 877 2019 916 sacta

226 945 336 972 esse:
362 935 511 973 maiora
538 934 634 972 haec
662 936 860 983 omnibus,
888 947 989 985 quae
1016 937 1053 974 in
1082 938 1173 974 luco
1213 937 1455 985 colebantur,
1496 938 1726 975 numinibus.
1780 938 1835 976 Et
1872 941 2020 978 initium

221 996 377 1049 quidem
405 1008 536 1035 eorum
563 998 621 1036 ita
645 998 777 1047 fiebat,
806 1005 849 1037 ut
866 1000 1029 1037 lustrum
1051 999 1268 1038 mitteretur
1291 1000 1633 1048 suovetaurilibus,
1660 1001 1701 1038 id
1729 1001 1833 1050 quod
1860 1003 1899 1040 in
1918 1004 2018 1042 actis

219 1062 377 1099 notatur
409 1061 487 1098 sie:

222 1133 304 1177 183
335 1131 451 1191 [218]
537 1149 542 1153 ·
691 1135 760 1175 ille
780 1134 812 1189 ¹)
840 1134 1077 1177 immolavit
1106 1135 1463 1178 suovetaurilibus
1493 1136 1738 1179 maioribus.

689 1203 715 1246 1)
740 1203 924 1248 collegium
946 1203 1086 1238 videtur
1111 1206 1325 1238 admirantum
1341 1205 1460 1249 fuisse
1484 1206 1520 1238 in
1545 1208 1632 1240 actis
1657 1219 1688 1239 a.
1715 1207 1806 1243 218:
1829 1208 1874 1252 qs.
1900 1208 1932 1241 b.

216 1272 300 1315 224
680 1273 837 1325 fraires
858 1273 1032 1325 Arvales
1061 1263 1332 1316 immolarunt
1353 1308 1362 1316 .
1381 1307 1391 1315 .
1409 1307 1418 1315 .
1438 1307 1447 1316 .
1470 1275 1561 1316 eius
1590 1275 1652 1316 rei
1682 1287 1813 1318 causa
1836 1277 2013 1320 lustrum

738 1341 952 1397 miss(um)
982 1342 1379 1398 suovetaurilibms)
1409 1343 1694 1398 maior(ibus).

218 1419 402 1477 [ALEX.
434 1420 486 1477 B]
687 1419 898 1478 [lustru]m
927 1422 1102 1463 missum
1141 1423 1212 1463 ille
1242 1420 1510 1480 [immolavit]
1543 1455 1894 1467 .........
1924 1439 2019 1468 suo-

738 1489 1036 1542 vetaurfilibus
1065 1489 1328 1547 maioribus}

320 1568 648 1609 Suovetaurilium
690 1569 808 1607 fuisse
849 1581 995 1618 genera
1035 1569 1112 1608 duo
1154 1570 1358 1608 confirmat
1385 1570 1527 1608 Festus
1568 1571 1644 1620 (ed.
1673 1572 1723 1609 M.
1753 1584 1788 1621 p.
1822 1575 1894 1612 189
1921 1586 1951 1611 s.
1980 1587 2014 1612 v,

219 1635 344 1683 opima
368 1631 520 1683 spolia),
549 1631 613 1682 qui
639 1631 767 1680 legem
795 1632 1010 1681 opimorum
1039 1633 1252 1682 spoliorum
1280 1634 1406 1671 citans
1434 1635 1572 1672 scribit
1598 1634 1676 1672 sic:
1703 1636 1861 1672 secunda
1882 1638 2014 1686 spolia,

213 1698 254 1733 in
278 1697 416 1734 Martis
441 1708 547 1734 aram
573 1698 611 1732 in
638 1707 767 1744 campo
794 1696 1016 1733 solitaurilia
1041 1703 1126 1733 utra.
1154 1699 1304 1735 rolnerit
1330 1697 1482 1734 caedito,
1545 1695 1656 1744 Quae
1684 1696 1834 1734 minora
1860 1709 1909 1736 ae
1935 1710 2015 1737 ma-

214 1759 300 1797 iora
325 1759 529 1809 appellata
555 1770 643 1796 esse
673 1769 722 1795 ex
749 1758 849 1796 actis
876 1758 1083 1797 Arvalium
1109 1760 1272 1809 primum
1308 1759 1508 1809 cognitum
1548 1771 1635 1796 esse
1675 1759 1900 1797 observavit
1926 1760 2014 1799 Ma-

213 1822 335 1861 rinius
363 1822 418 1872 (p.
434 1823 539 1871 364).
577 1821 687 1859 Idem
706 1825 825 1869 recte,
847 1827 890 1860 ut
909 1821 1075 1870 videtur,
1090 1822 1238 1860 maiora
1255 1823 1421 1860 victimis
1439 1822 1598 1869 adultis,
1614 1822 1763 1859 minora
1777 1822 2013 1861 lactentibus

214 1886 323 1924 faeta
347 1896 435 1923 esse
456 1896 505 1922 ex
528 1884 755 1934 precatione
774 1883 945 1933 quadam
965 1883 1184 1934 desumpsit
1199 1897 1223 1923 a
1241 1885 1393 1923 Catone
1410 1891 1568 1923 servata
1588 1885 1649 1932 (de
1665 1897 1695 1921 r.
1714 1898 1746 1923 r.
1767 1886 1863 1933 141),
1882 1885 1920 1922 in
1936 1898 2015 1935 qua

195 1939 197 1943 Ι
215 1949 337 1987 verba
356 1949 541 1997 leguntur
563 1948 679 1987 haec:
722 1978 729 1984 .
755 1977 762 1983 .
786 1978 795 1985 .
817 1975 826 1983 .
848 1947 1019 1984 harumce-
1039 1960 1158 1985 reram
1181 1961 1266 1998 erqo
1283 1949 1410 1997 fund-i,
1436 1956 1554 1986 terrae
1576 1951 1726 1997 aql-ique-
1753 1950 1820 1983 mei
1837 1949 2015 1985 lustrandi

215 2011 387 2060 lusu-{que
402 2012 573 2061 faciendi
598 2023 684 2060 erqo
703 2012 807 2047 sicuti
828 2010 905 2047 dia-i
924 2016 1037 2047 macte
1062 2012 1156 2048 hisee
1176 2012 1478 2049 suovetaurilibus
1497 2011 1770 2048 lactentibus
1786 2012 2015 2048 immolandis

213 2082 298 2112 esto.
332 2074 553 2112 Maioribus
572 2080 702 2112 autem
722 2072 1051 2111 suovetaurilibus
1081 2073 1132 2111 ob
1152 2075 1316 2112 arbores
1345 2074 1503 2111 fulmine
1527 2076 1698 2112 attactas
1719 2073 2015 2112 sacrificandum

212 2137 334 2176 fuisse
365 2137 457 2175 inde
484 2137 630 2186 effecit,
658 2135 764 2186 qued
791 2137 893 2174 inter
925 2135 1119 2186 prodigia,
1148 2148 1248 2186 quae
1280 2136 1417 2174 Livius
1445 2136 1523 2185 (24,
1540 2138 1606 2183 103
1633 2137 1695 2184 28,
1714 2136 1776 2183 ll)
1804 2136 2014 2174 maioribus

212 2199 350 2239 hostiis
390 2204 523 2238 narrat
539 2188 549 2195 ’
564 2201 781 2250 procurata
827 2211 934 2247 esse,
983 2211 1060 2236 non
1100 2211 1188 2237 raro
1230 2201 1581 2237 commemorantur
1634 2198 1753 2237 aedes
1808 2198 1857 2236 de
1904 2199 2015 2236 caelo

213 2268 360 2303 tactae:
388 2264 479 2302 item
506 2263 559 2301 ob
586 2262 700 2300 ficum
727 2261 941 2300 eruendam
969 2262 1185 2312 aedemque
1212 2262 1463 2301 reficiendam
1489 2261 1626 2299 iisdem
1649 2274 1747 2311 opus
1775 2262 1897 2299 fuisse
1924 2262 2013 2299 loco

214 2326 342 2366 Servii
369 2328 439 2379 (ad
465 2328 555 2364 Aen.
587 2326 645 2373 12,
676 2322 767 2374 170)
805 2324 961 2373 probat,
991 2337 1069 2374 qno
1096 2326 1152 2363 sic
1180 2326 1344 2374 legitur:
1383 2328 1421 2362 in
1459 2324 1564 2361 rebus
1603 2337 1695 2372 quas
1732 2325 1897 2362 colebant
1925 2327 2013 2374 fieri

213 2391 374 2436 celerius,
398 2389 567 2427 senilibus
592 2394 627 2425 et
651 2391 726 2424 iam
753 2383 1032 2424 decrescentibus
1058 2389 1276 2426 animalibus
1300 2387 1576 2436 sam-vficabant5
1602 2390 1639 2423 in.
1666 2388 1767 2424 rebus
1792 2400 1888 2435 uero,
1917 2399 2008 2436 quas

213 2455 340 2502 ‹mqen'
364 2460 397 2490 et
421 2454 632 2501 confirmari
656 2451 834 2496 volebant,
860 2451 906 2487 de
930 2452 1128 2488 minoribus
1154 2457 1186 2488 et
1210 2452 1327 2488 adhuc
1362 2451 1595 2487 crescent-ibus
1627 2451 1892 2500 sacrificabant.
1947 2451 2008 2488 De

215 2516 542 2553 suovetaurilibus
583 2514 664 2551 sive
704 2513 985 2551 solitaurilibus
1015 2514 1063 2551 cf.
1092 2513 1236 2551 Festus
1278 2514 1332 2563 (p.
1360 2514 1435 2550 293
1463 2512 1524 2552 ed.
1551 2514 1602 2552 M.
1631 2525 1660 2551 s,
1689 2514 1763 2560 v.):
1789 2515 2013 2551 solitaurilia

214 2578 414 2616 hostiarum
441 2581 550 2616 trium
575 2579 710 2614 diversa·
733 2578 874 2625 generis
897 2576 1173 2613 immolationem
1199 2578 1415 2625 significant,
1434 2579 1533 2612 tauri
1552 2580 1673 2614 ‹rr-ielis
1691 2579 1822 2621 cerris5
1848 2582 1889 2614 et
1910 2575 2014 2614 Cato

139 2687 147 2694 ς
213 2641 255 2690 (l.
282 2641 351 2690 c.):
377 2642 440 2678 ubi
461 2653 629 2691 porcum,
656 2651 788 2689 aquam
811 2638 1028 2686 vitulumque
1052 2639 1255 2677 immolabis
1272 2643 1347 2676 cet.
1366 2659 1418 2666 --
1436 2639 1608 2676 Lustrum
1635 2642 1769 2677 mittere
1795 2638 1898 2676 idem
1918 2640 2006 2676 esse

213 2707 331 2754 atque
358 2705 506 2742 lustrum
523 2706 665 2753 facere,
692 2701 847 2738 condere
873 2699 991 2738 docet
1015 2701 1203 2740 Marinius
1233 2701 1273 2751 (l.
1294 2713 1328 2739 c.
1356 2707 1396 2739 et
1421 2713 1460 2750 p.
1480 2701 1572 2749 684)
1598 2701 1758 2738 verbum
1785 2707 1895 2739 ratus
1922 2701 2012 2742 inde

216 2766 493 2816 explicandum
522 2777 624 2814 esse,
652 2762 759 2815 quod
784 2763 825 2800 in
850 2763 977 2801 lustro
1003 2763 1183 2802 faciendo
1212 2764 1391 2802 victimae
1419 2765 1526 2802 circa
1556 2775 1692 2812 agrum
1734 2775 1914 2802 areamve
1954 2765 2010 2802 lu·

207 2827 414 2868 strandum
454 2828 700 2868 ducebantur
738 2825 804 2875 (cf.
835 2824 941 2864 Cato
966 2826 993 2865 1.
1021 2825 1083 2877 c.).
1139 2825 1188 2864 Iu
1228 2837 1307 2876 qua
1344 2837 1493 2876 pompa
1532 2826 1803 2876 praecessisse
1838 2837 2013 2875 porcum,

213 2895 388 2930 secutum
416 2902 504 2930 esse
531 2900 687 2940 agnum,
713 2892 869 2927 taurum
894 2888 1045 2927 venisse
1072 2887 1249 2927 ultimum
1275 2888 1465 2938 imagines
1498 2887 1713 2927 ostendunt
1752 2887 1933 2927 sacrificii
1971 2888 2012 2926 in

217 2954 383 2993 vetustis
411 2954 670 2992 monumentis
699 2950 943 3001 superstites.

314 3037 653 3078 suovetaurilibus
681 3037 864 3087 perfectis
890 3036 1165 3075 immolabatur
1191 3035 1412 3074 numinibus
1440 3036 1594 3084 ceteris,
1634 3035 1683 3074 de
1723 3036 1847 3086 iisque
1889 3036 2006 3074 sacri-

216 3101 315 3140 ficiis
344 3105 434 3140 acta
459 3105 655 3150 concepta
681 3104 773 3138 sunt
799 3100 876 3138 sic:

218 3185 297 3229 183
677 3183 735 3226 ad
765 3183 915 3226 aedem
946 3182 1053 3226 deae
1082 3183 1191 3226 Diae
1220 3183 1352 3226 boves
1384 3151 1562 3226 feminas
1591 3183 1646 3226 ΙΙ.

214 3262 331 3321 [218]
681 3263 787 3306 deae
818 3264 925 3306 Diae
957 3261 1145 3319 [b(oves)
1175 3262 1396 3318 f(eminas)
1427 3262 1637 3317 n(ume1·o)
1669 3262 1741 3319 111.
