2340 3658
181 1010 208 1027 a.
234 1003 333 1027 50—54

354 157 408 187 Lx
1112 146 1169 183 Ti.
1197 146 1384 183 Claudius.

1066 804 1346 868 CLAUDII
1387 807 1443 867 E.

559 989 655 1030 ilem
690 988 733 1030 in
766 1019 946 1030 .....

354 1057 443 1097 Iovi
473 1056 651 1107 bsovem)
683 1056 894 1113 m(arem)‚
927 1056 1077 1098 Iunom·
1107 1071 1290 1108 vaccam,
1321 1059 1531 1101 Minervae
1561 1073 1732 1102 vaccam

553 1126 605 1168 ob
638 1127 897 1169 consulatum

409 1201 502 1236 ante
533 1196 736 1250 templum
766 1209 916 1238 novom

352 1334 611 1379 Fragmentum
645 1333 777 1368 litteris
810 1333 1043 1378 elegantibus
1076 1334 1158 1370 altis
1189 1334 1275 1369 mill.
1309 1336 1368 1377 10,
1414 1338 1595 1382 repertum
1635 1335 1671 1369 in
1710 1335 1819 1370 vinea
1850 1334 2158 1372 Oeccarelliorum

724 1404 755 1429 a.
782 1393 858 1428 fere
887 1393 988 1436 1858,
1016 1393 1149 1428 deinde
1177 1392 1275 1439 apud
1301 1392 1483 1438 Angelum
1509 1393 1787 1439 Pellegrinium.

445 1468 649 1514 Descripsi.
698 1468 807 1503 Edidi
839 1469 956 1504 minus
983 1471 1155 1505 accurate
1181 1470 1217 1503 in
1287 1480 1322 1515 p.
1342 1469 1399 1505 55.
1448 1469 1668 1506 Litterarum
1697 1469 1813 1505 forma
1842 1468 2067 1506 Claudianae
2092 1479 2158 1516 po-

352 1529 550 1563 Annalibus
587 1529 741 1562 instituti
775 1529 872 1563 arch.
906 1529 998 1564 1858
1028 1540 1062 1575 p.
1086 1529 1130 1565 51
1174 1539 1218 1562 ex
1288 1528 1359 1562 tius
1410 1539 1518 1574 quam
1563 1529 1793 1564 Neronianae
1836 1529 1971 1564 aetatis
2014 1527 2160 1564 videtur

352 1588 565 1634 apographo
591 1586 817 1632 Pellegrinii.
1290 1597 1385 1622 esse.
1437 1585 1543 1631 Quod
1569 1587 1605 1622 in
1623 1587 1695 1623 ima
1712 1591 1814 1635 parte
1833 1589 2004 1634 superest
2020 1597 2157 1632 margo,

444 1647 604 1692 Propter
622 1648 940 1682 commemoratum
961 1647 1135 1693 templum
1154 1657 1218 1682 no·
1289 1649 1372 1682 acta
1396 1647 1433 1681 iu
1458 1645 1586 1681 tabula
1611 1646 1729 1682 altera
1753 1647 1967 1682 continuata
1991 1657 2077 1684 esse
2102 1647 2157 1681 in-

352 1716 431 1741 vum
471 1705 713 1750 fragmentum
749 1707 899 1740 constat
938 1708 1023 1740 ante
1061 1708 1220 1740 aetatem
1291 1704 1401 1740 dicat.
1447 1705 1708 1751 Fragmentum
1731 1716 1804 1741 non
1829 1705 1946 1751 liquet
1968 1707 2085 1741 utrum
2111 1703 2157 1740 ad

351 1764 557 1799 Flaviorum
591 1768 676 1810 post
709 1764 898 1811 imperium
926 1764 1065 1799 Tiberii
1093 1776 1219 1800 exara·
1291 1775 1434 1800 sacrum
1453 1775 1609 1800 annuum
1627 1765 1674 1801 ob
1693 1765 1842 1800 comitia
1859 1763 2067 1800 consularia
2082 1763 2157 1799 Ne-

350 1826 421 1857 tum
450 1833 554 1865 esse,
591 1833 670 1857 cum
698 1823 872 1869 templum
898 1822 987 1858 illud
1015 1822 1221 1858 dedicatum
1291 1825 1388 1860 ronis
1417 1824 1662 1868 celebratum,
1697 1835 1742 1860 au
1777 1823 1823 1859 ad
1855 1824 2043 1860 introitum
2069 1834 2156 1860 eou-

351 1882 395 1916 sit
429 1892 522 1915 anno
559 1880 598 1918 O.
630 1881 803 1917 Caesaris
842 1882 978 1928 primo:
1013 1882 1057 1917 cf.
1093 1893 1221 1918 comm.
1291 1882 1430 1918 sulatus
1456 1883 1633 1930 principis
1656 1883 1886 1919 referendum
1912 1884 1969 1920 sit.
