2340 3658
360 1048 419 1098 V.
494 1044 918 1097 SACRIFICIUM
953 1044 1500 1095 ANNIVERSARIUM
1533 1045 1807 1095 FACTUM
1844 1045 1929 1095 OB
1965 1045 2179 1096 ΜΕΜΟ-

940 1125 1104 1174 RIAM
1140 1125 1220 1174 TI.
1261 1124 1589 1175 CAESARIS.

466 1399 513 1439 In
543 1400 641 1439 actis
671 1399 763 1438 anni
791 1398 840 1436 38
868 1398 1054 1448 leguntur
1079 1399 1200 1439 haee:

834 1472 988 1531 [a(nte)
1020 1474 1172 1532 d(iem)
1190 1474 1296 1518 VIII
1313 1472 1746 1531 (V11?)k(a1endas)]
1769 1473 1915 1516 Iunias
1937 1471 1998 1530 [C.
2021 1473 2182 1517 Caesar

890 1544 1109 1597 Augustus
1164 1542 1460 1601 German]ieus
1511 1544 1718 1598 magister
1768 1542 1939 1597 collegii
1989 1541 2183 1600 fratru[m

891 1611 1114 1654 Arvalium
1153 1611 1206 1654 ob
1242 1612 1491 1654 memoriam
1531 1602 1596 1654 Ti.
1638 1610 1853 1669 Ca]esaris
1890 1611 1963 1655 avi
1999 1610 2078 1655 sub
2108 1610 2184 1654 diu

891 1681 936 1722 in
966 1692 1043 1721 ara
1073 1677 1347 1736 sac[1·ifieavit
1369 1712 1738 1723 ............
1741 1679 1755 1738 ]
1789 1680 2018 1723 adfuerunt
2046 1681 2124 1722 illi.

468 1759 712 1799 Sacrificium
739 1759 816 1799 hoe
847 1771 932 1798 cum
963 1760 1034 1799 sub
1066 1759 1157 1797 divo
1185 1760 1333 1798 factum
1363 1761 1425 1809 sit,
1455 1760 1528 1799 diis
1557 1761 1739 1799 Manibus
1769 1761 2008 1800 celebratum
2035 1765 2115 1811 est,
2142 1761 2183 1800 in

362 1825 550 1862 honorem
591 1828 721 1862 autem
757 1823 816 1862 Ti.
855 1822 1039 1862 Caesaris
1077 1823 1225 1861 factum
1260 1835 1348 1861 esse
1391 1824 1552 1861 verbum
1589 1827 1651 1862 avi
1688 1823 1943 1863 demonstrat.
2000 1823 2183 1864 Tiberius

363 1899 450 1926 cum
479 1887 562 1925 vita
588 1887 744 1925 functus
774 1886 825 1924 sit
853 1898 886 1924 a.
910 1885 945 1925 d.
974 1885 1107 1924 XVII
1135 1884 1329 1924 kalendas
1359 1885 1521 1935 Apriles
1551 1888 1642 1925 anni
1669 1887 1732 1938 37,
1766 1887 1842 1927 hoe
1875 1899 2046 1936 sacrum,
2075 1887 2184 1938 quod

362 1961 495 1988 mense
524 1948 634 1987 Maio
662 1949 810 1987 factum
837 1953 910 1997 est,
940 1961 1015 1986 non
1043 1953 1177 1998 potest
1205 1960 1292 1987 esse
1322 1949 1631 1988 anniversarium
1652 1951 1787 1989 mortis
1816 1950 1912 2000 eius,
1939 1950 2095 1990 videtur
2111 1950 2184 2001 igi-

362 2019 426 2052 tur
454 2011 699 2051 referendum
735 2024 822 2050 esse
861 2012 911 2050 ad
949 2012 1064 2050 funus
1101 2011 1383 2062 amplissimum
1420 2011 1608 2052 defuneto
1642 2013 1812 2063 principi
1847 2013 2088 2053 celebratum
2116 2013 2183 2064 (cf.

362 2075 523 2125 Ioseph.
552 2077 688 2123 antiqq.
720 2076 779 2124 18,
811 2076 847 2123 6,
871 2077 936 2123 10;
965 2075 1004 2113 ib
1034 2087 1067 2114 c.
1099 2074 1175 2125 15),
1203 2074 1311 2125 quod
1339 2086 1418 2112 non
1448 2074 1580 2113 statim
1608 2080 1700 2126 post
1728 2079 1891 2114 mortem
1913 2076 2074 2115 ductum
2097 2087 2186 2115 esse

361 2143 666 2178 consentaneum
693 2141 764 2176 est.
800 2137 915 2176 Haec
945 2149 1045 2187 quae
1074 2149 1195 2188 supra
1228 2138 1310 2176 dixi
1339 2138 1525 2187 exposuit
1553 2143 1735 2178 accurate
1750 2139 2016 2179 Mommsenus
2043 2140 2084 2178 in
2109 2140 2184 2178 Re-

364 2204 503 2240 lazione
531 2213 567 2251 p.
593 2202 635 2238 11
669 2202 727 2238 12.
748 2223 787 2227 -
808 2201 899 2239 Hoe
929 2212 1084 2239 sacrum
1114 2200 1189 2239 iam
1232 2213 1334 2239 anno
1372 2202 1423 2239 40
1467 2201 1652 2240 omissum
1694 2214 1781 2240 esse
1817 2207 1910 2242 aeta
1943 2203 2056 2243 huius
2094 2204 2186 2244 anni

365 2264 600 2312 ostendunt,
638 2275 728 2302 nam
766 2263 891 2302 minus
921 2268 1028 2302 reete
1057 2263 1161 2302 idem
1198 2264 1237 2313 (l.
1259 2263 1310 2314 e.)
1344 2264 1383 2302 in
1418 2264 1465 2301 iis
1495 2264 1577 2302 eius
1606 2265 1831 2303 memoriam
1859 2266 2082 2316 repperisse
2112 2267 2188 2306 sibi

365 2329 473 2367 visus
501 2330 574 2365 est.
629 2327 690 2364 De
721 2326 782 2364 die
810 2326 901 2364 inde
930 2326 1012 2364 fere
1042 2329 1211 2376 constat,
1241 2326 1348 2377 quod
1376 2327 1583 2376 praecedit
1609 2328 1753 2366 mentio
1783 2329 1860 2367 diei
1888 2329 2024 2369 VIIII
2052 2330 2188 2370 kalen-

366 2391 439 2429 das
471 2390 623 2437 Iunias,
653 2388 831 2439 sequitur
859 2390 1178 2428 commemoratio
1206 2390 1338 2438 magni
1368 2389 1471 2427 sacri
1501 2390 1617 2428 annui
1646 2391 1752 2441 quod
1782 2393 1928 2431 factum
1957 2398 2019 2433 est
2048 2394 2187 2434 diebus

364 2453 429 2492 VI
456 2452 550 2490 IIII
579 2451 649 2490 III
676 2451 869 2490 kalendas
897 2453 1044 2491 Iunias.
1099 2452 1193 2491 Non
1230 2457 1384 2491 restant
1419 2452 1537 2501 igitur
1573 2453 1645 2491 nisi
1683 2454 1766 2493 dies
1799 2455 1909 2494 VIII
1937 2459 1976 2494 et
2003 2456 2091 2496 VII
2117 2455 2188 2496 ka-

364 2516 504 2555 lendas
533 2514 692 2563 Iunias;
721 2527 809 2553 nam
838 2515 940 2553 diem
969 2514 1059 2553 VII
1087 2515 1177 2552 olim
1206 2515 1270 2563 (ef.
1301 2517 1397 2554 Arm.
1425 2518 1504 2553 inst.
1533 2517 1632 2554 arch.
1663 2516 1757 2554 1867
1789 2530 1825 2568 p.
1860 2519 1954 2571 244)
1981 2532 2188 2571 perperam

367 2590 427 2618 me
456 2578 673 2617 exclusisse
710 2577 868 2616 detecto
905 2579 1130 2628 fragmento
1158 2579 1184 2616 d
1210 2590 1312 2616 nune
1342 2582 1511 2618 constat.
1541 2599 1592 2606 —-
1623 2579 1847 2622 Adfuerunt
1875 2594 1990 2622 sacro
2017 2583 2188 2623 Arvales
2223 2627 2227 2629 ,

366 2646 469 2690 octo,
499 2640 652 2680 seilicet
679 2641 813 2690 plures
843 2653 959 2691 quam
989 2642 1056 2691 qui
1082 2642 1149 2679 illo
1179 2645 1282 2680 anno
1310 2641 1347 2679 in
1379 2642 1478 2680 actis
1509 2645 1805 2683 commemorari
1835 2646 1987 2685 solent:
2014 2645 2056 2684 id
2082 2645 2189 2696 quod

367 2704 484 2743 facile
512 2703 603 2741 inde
632 2705 873 2754 explicatur,
904 2703 1018 2754 quod
1053 2703 1269 2754 imperator
1303 2704 1388 2754 ipse
1416 2704 1453 2742 in
1483 2704 1706 2745 memoriam
1735 2707 1989 2759 imperatoris·
2014 2707 2190 2748 defuncti

365 2766 589 2806 immolavit.
