2340 3658
1013 190 1227 226 Exordium.
1970 206 2032 232 vn

213 307 359 363 pueris
397 317 510 348 anno
551 305 632 347 118
667 304 898 347 nominatis
935 318 1048 347 anno
1091 305 1173 347 120
1201 318 1310 347 unus
1341 305 1466 360 redit,
1509 318 1622 347 anno
1654 309 1796 347 autem
1830 306 1911 348 186
1945 306 2031 348 duo

212 375 444 417 laudantur
488 386 542 415 ex
589 377 793 427 quattuor
835 372 982 427 pueris
1028 386 1141 414 anno
1186 374 1265 415 183
1304 373 1446 415 officio
1482 373 1653 415 functis.
1716 372 1842 423 Quod
1888 378 2030 415 autem

214 442 391 496 ingenui
428 441 585 484 debent
622 453 718 483 esse
746 445 952 496 patreque
983 445 1024 482 et
1053 445 1187 484 matre
1217 441 1475 497 viventibus,
1507 441 1554 483 id
1585 454 1638 482 ex
1669 454 1791 483 sacro
1823 443 2032 484 Romano-

213 525 307 553 rum
342 511 433 552 iure
472 510 712 565 explicatur
733 508 778 563 ¹).
835 509 988 562 Neque
1022 514 1166 553 tamen
1203 509 1437 552 Arvalibus
1482 510 1679 552 solebant
1726 514 1897 564 praesto
1939 523 2034 552 0330

214 579 480 621 camillorum
508 579 657 631 instar,
689 577 850 632 quippe
870 577 944 631 qui
965 578 1010 619 in
1031 577 1137 632 ipsis
1167 577 1388 619 sacrificiis
1418 577 1570 620 deesse
1600 591 1687 620 non
1717 583 1906 633 possent,
1939 592 2031 633 1100,

212 651 260 688 ut
295 646 435 701 pueri,
475 646 579 688 solis
617 646 826 687 interesse
861 645 1017 700 epulis,
1056 645 1153 700 sed,
1195 650 1242 687 ut
1278 659 1332 688 ex
1369 659 1487 688 more
1526 651 1693 689 vetusto
1734 646 1810 688 filii
1842 646 2032 688 familias

213 718 379 768 patrem
410 714 723 755 comitabantur
740 725 828 754 non
849 713 988 754 solum
1018 726 1114 754 cum
1142 714 1187 755 in
1217 718 1426 768 senatum,
1458 715 1535 756 scd
1557 715 1686 757 etiam
1708 728 1803 756 cum
1825 714 2033 756 invitatus

213 782 270 823 ad
310 794 459 824 cenam
496 781 597 835 iret,
637 781 698 822 ita
737 780 1009 835 epulantibus
1046 780 1281 840 ArraIibus
1320 795 1407 823 non
1454 782 1669 825 debebant
1714 783 1865 825 deesse
1909 783 2032 838 pueri

216 850 309 892 sive
338 849 417 891 filii
449 850 640 904 ipsorum
669 849 762 891 sive
792 850 866 902 qui
897 848 1081 890 filiorum
1112 848 1206 890 loco
1237 854 1381 892 essent
1394 850 1439 905 ¹).
1491 850 1745 893 Sacerdotes
1768 855 1909 893 autem
1931 851 2033 892 duo-

214 917 352 959 decim
390 931 485 958 cum
522 915 838 959 discumberent
878 916 1184 958 tricliniaribus
1232 922 1445 971 quattuor,
1498 918 1683 972 singulis
1725 919 2032 961 tricliniaribus

214 986 373 1039 singuli
412 985 533 1040 pueri
572 985 773 1027 destinati
810 989 932 1027 erant
967 985 1051 1039 ipsi
1084 985 1297 1027 cathedris
1329 985 1602 1028 considentes
1622 986 1668 1041 3).
1729 987 2033 1029 Ministrabant

213 1054 342 1095 etiam
370 1053 414 1094 in
445 1051 654 1094 sacrificio
686 1066 758 1108 eo,
800 1053 916 1107 quod
945 1052 1035 1095 fieri
1074 1053 1251 1107 solebat,
1289 1066 1383 1095 cum
1407 1054 1603 1096 'Arvales
1641 1055 1944 1110 epulabantur,
1976 1054 2032 1097 ad

214 1136 419 1176 aramque
454 1121 698 1164 referebant
735 1120 881 1174 fruges
917 1121 963 1162 in
998 1134 1147 1162 mensa
1184 1122 1429 1176 propositas
1447 1123 1496 1178 4).
1567 1123 1791 1177 Sportulas
1831 1122 2030 1177 denique,

214 1191 314 1232 licet
341 1190 548 1232 minorem
577 1189 802 1243 pecuniam
822 1202 952 1242 quam
979 1189 1147 1244 fratres,
1180 1194 1223 1232 et
1249 1190 1329 1244 ipsi
1359 1191 1638 1246 accipiebant.
1699 1192 1765 1233 De
1795 1191 1861 1232 his
1891 1191 2031 1232 denuo

213 1259 402 1300 dicemus
433 1257 490 1299 ad
519 1262 615 1299 acta
644 1257 757 1298 sacri
789 1257 898 1299 deae
927 1257 1050 1299 Diae.

325 1327 365 1368 8.
425 1326 610 1368 Diversa
649 1325 822 1367 omnino
862 1339 890 1367 a
924 1329 1038 1367 statu
1076 1339 1303 1380 puerorum
1340 1326 1533 1368 condicio
1572 1331 1664 1369 erat
1700 1327 1944 1368 kalatorum
1988 1331 2031 1369 et

215 1395 481 1450 publicorum
512 1394 697 1448 collegii,
730 1394 803 1447 qui
834 1407 935 1436 vere
964 1394 1255 1435 ministrorum
1286 1395 1380 1436 loco
1413 1398 1547 1436 erant.
1579 1395 1646 1436 Ita
1675 1399 1816 1436 autem
1846 1394 1957 1436 inter
1986 1408 2032 1437 30

214 1462 483 1517 differebant,
520 1466 566 1503 ut
602 1462 823 1503 kalatores
861 1461 1020 1514 singuli
1059 1461 1262 1503 fratribus
1301 1462 1484 1516 singulis
1529 1462 1690 1504 addicti
1729 1463 1783 1504 ab
1820 1462 1888 1504 1113
1925 1463 2032 1518 ipsis

213 1530 544 1583 nominarentur,
577 1529 620 1571 hi
651 1543 754 1579 vero
785 1529 956 1584 publice
986 1529 1219 1571 Arvalibus
1240 1530 1451 1584 assignati
1473 1530 1661 1573 universi
1683 1530 1854 1584 collegii
1876 1537 2031 1573 0330111.

214 1598 269 1640 Ε1
304 1598 462 1652 publici
502 1597 675 1651 quidem
711 1610 966 1651 magnorum
1004 1597 1338 1639 sacerdotiorum
1376 1599 1491 1654 apud
1530 1599 1747 1641 Romanos
1792 1599 1897 1641 satis
1942 1599 2033 1640 noti

214 1671 331 1708 sunt:
362 1665 560 1707 novimus
590 1665 704 1708 enim
734 1665 930 1720 publicos
960 1664 1220 1720 pontificum,
1243 1679 1466 1722 augurum,
1489 1666 1875 1721 quindecimvirum
1897 1667 2032 1709 sacris

214 1733 442 1788 faciundis,
464 1733 770 1788 septemvirum
792 1733 1035 1788 epulonum,
1059 1733 1272 1776 sodalium
1295 1735 1600 1789 Augustalium
1614 1735 1659 1790 ⁵),
1682 1735 1726 1776 in
1754 1735 1861 1777 actis
1891 1738 2032 1777 autem

211 1802 435 1843 Arvalium
475 1814 608 1856 saepe
645 1806 1029 1844 commemorantur
1064 1806 1106 1843 et
1140 1803 1267 1856 plane
1304 1803 1516 1845 interdum
1552 1803 1713 1858 public-i
1745 1803 1923 1845 fratrum
1954 1803 2032 1844 Ar-

215 1870 379 1913 valium
417 1871 688 1924 appellantur
707 1870 752 1925 ⁶).
826 1870 1027 1912 Publicos
1063 1884 1191 1925 porro
1230 1874 1397 1912 constat
1442 1872 1606 1913 nomini
1650 1872 1841 1927 ipsorum
1885 1870 2032 1913 servili

214 1950 455 1991 cognomen
493 1938 617 1992 quasi
655 1938 872 1991 quoddam
903 1938 1155 1980 adiunxisse
1186 1952 1213 1980 a
1247 1939 1432 1994 nomine,
1471 1944 1517 1981 ut
1547 1939 1729 1994 videtur,
1764 1939 2034 1993 desumptum

215 2006 407 2047 familiae
438 2006 661 2048 cuiusdam
690 2006 861 2048 nobilis.
922 2006 1142 2048 Habemus
1170 2007 1360 2059 publicos
1396 2008 1661 2048 Valerianum
1690 2021 1718 2048 a
1736 2009 1931 2048 sacrario
1953 2007 2030 2061 (30.

215 2074 318 2116 Divi
347 2073 553 2129 Augusti)
584 2074 655 2115 vel
686 2075 903 2115 aedewum
934 2088 961 2115 a
989 2077 1184 2115 sacrario
1204 2076 1303 2115 Divi
1326 2075 1502 2128 Auyusli
1523 2075 1717 2130 (Henzen
1737 2075 1862 2117 6106.
1885 2074 2030 2129 6107),

212 2143 488 2183 Aemilianum
528 2144 808 2195 pontificalem
848 2142 956 2198 (ibd.
1003 2142 1148 2197 6100),
1195 2144 1443 2184 Asinianum
1483 2147 1723 2197 pontificum
1753 2143 1845 2199 (Or.
1888 2142 2030 2196 1518),

212 2211 419 2251 Silianam
449 2224 477 2251 a
506 2213 642 2251 sacris
670 2213 879 2252 sodalium
910 2212 1197 2264 Auyustalium
1228 2211 1420 2266 (Henzen
1451 2212 1594 2267 6108),
1623 2214 1882 2253 Maecianum
1909 2211 2032 2251 soda-

216 2279 313 2319 lium
351 2279 561 2319 Tilialium
600 2279 706 2333 (ibd.
744 2278 896 2333 6109),
934 2278 979 2319 in
1015 2278 1207 2332 actisque
1243 2279 1468 2321 Arvalium
1507 2280 1744 2335 reperimus
1782 2279 2032 2321 Narcissum

214 2346 461 2388 Annianum
483 2347 831 2402 Nymphiumque
852 2347 1151 2389 Numisianum
1183 2360 1295 2389 anno
1318 2347 1385 2401 87,
1418 2347 1695 2389 Saturninum
1715 2347 2031 2389 Venuleianum

215 2426 330 2455 anno
364 2414 457 2468 101,
491 2415 728 2456 Gemellum
759 2415 1061 2457 Memmianum
1093 2418 1135 2456 et
1164 2415 1328 2456 Iustum
1361 2415 1630 2457 Bruttianum
1662 2428 1774 2457 3000
1807 2415 1900 2468 118,
1931 2413 2030 2455 Car-

214 2494 313 2536 pum
334 2481 634 2523 Cornelianum
654 2487 698 2524 et
717 2483 954 2538 Epictetum
975 2482 1237 2536 Cuspianum
1266 2496 1378 2524 anno
1404 2483 1496 2537 155,
1519 2483 1706 2526 Primum
1729 2482 2030 2524 Cornelianum

216 2548 341 2589 annis
371 2549 468 2603 214,
498 2550 595 2604 218,
626 2551 722 2605 220,
754 2550 1033 2593 Arescontem
1064 2551 1344 2593 Manilianum
1376 2565 1489 2593 anno
1521 2552 1602 2593 241
1623 2551 1670 2605 ⁷).
1722 2551 1808 2592 Eos
1828 2562 1882 2591 ne
1905 2549 2030 2591 crede

215 2616 391 2658 nomina
429 2630 482 2659 03
517 2618 702 2660 traxisse
739 2631 767 2659 a.
796 2618 1111 2673 sacerdotibus,
1144 2619 1296 2672 quibus
1327 2619 1486 2672 singuli
1517 2619 1678 2660 addicti
1710 2618 1886 2671 fuerint3
1930 2630 2031 2658 nam

216 2684 414 2737 quamvis
450 2686 585 2727 multa
620 2686 735 2728 illius
773 2686 929 2728 aetatis
968 2687 1192 2729 Arvalium
1229 2686 1402 2728 nomina
1443 2686 1603 2728 tradita
1639 2686 1944 2740 acceperimus,
1978 2698 2031 2726 ex

217 2765 370 2794 novem
400 2766 508 2806 quos
539 2753 629 2795 dixi
658 2754 840 2809 publicis
871 2754 951 2796 soli
981 2759 1067 2796 tres
1088 2754 1144 2795 ad
1167 2754 1350 2796 Arvales
1371 2753 1494 2795 nobis
1516 2759 1642 2796 notos
1661 2753 1859 2796 videntur
1880 2753 2031 2795 referri

219 2832 359 2874 posse,
392 2821 681 2863 Venuleianus
711 2822 875 2863 scilicet
905 2826 947 2863 et
969 2821 1249 2864 Cornelianus
1271 2826 1313 2864 et
1334 2822 1614 2875 Maniliauus,
1646 2822 1718 2874 11111
1750 2834 1776 2862 3
1807 2821 2029 2874 Venuleio,

315 2913 339 2957 ¹)
366 2912 413 2946 cf.
434 2911 650 2957 Μαι-1111111111,
667 2913 710 2946 R.
729 2913 771 2946 A.
788 2914 811 2948 3
829 2923 865 2958 p.
882 2914 951 2948 179
966 2924 1072 2958 seqq.
1158 2914 1244 2947 lium
1272 2914 1569 2948 commemoratis
1586 2924 1607 2947 a
1624 2913 1734 2947 Livio
1751 2913 1809 2952 26,
1828 2913 1873 2947 27
1899 2917 1938 2945 et.
1956 2911 2029 2945 Ta-

310 2969 339 3013 ²)
366 2970 411 3004 cf.
444 2970 650 3004 Mommsen
687 2971 905 3004 Grenzhoeen
930 2971 1041 3012 1870,
1068 2974 1084 3005 1
1159 2971 1236 3005 cito
1262 2973 1345 3005 hist.
1374 2972 1405 3013 1,
1432 2971 1492 3006 43.

218 3038 254 3073 p.
273 3029 352 3064 172.
1254 3030 1282 3071 ⁶)
1310 3029 1357 3063 cf.
1384 3040 1416 3063 a.
1443 3029 1511 3063 155
1536 3039 1570 3061 v.
1598 3028 1642 3062 72
1669 3029 1706 3060 01
1733 3027 1787 3062 76.

276 3087 278 3090 ’
311 3086 339 3131 ⁸)
366 3086 413 3121 ci'.
439 3090 524 3122 acta
549 3087 647 3122 sacri
674 3087 768 3122 deae
794 3086 899 3121 Diae.
1250 3087 1278 3130 ⁷)
1306 3098 1338 3122 a.
1362 3088 1407 3122 87
1433 3098 1468 3132 p.
1486 3086 1520 3127 2,
1541 3085 1675 3125 13.14;
1702 3085 1767 3120 101
1791 3084 1866 3119 tab.
1885 3086 1918 3126 2,
1936 3086 1970 3121 5.
1989 3087 2033 3126 6;

311 3146 341 3188 ⁴)
366 3145 413 3180 cf.
439 3145 589 3181 ibidem.
1157 3147 1226 3181 118
1239 3157 1273 3191 p.
1292 3146 1326 3187 2,
1344 3146 1390 3180 22
1404 3155 1531 3188 301111.;
1556 3143 1627 3177 214
1642 3155 1675 3183 α,
1693 3143 1726 3178 4.
1746 3143 1808 3184 113
1834 3143 1904 3178 218
1916 3144 1946 3186 b,
1966 3144 2030 3186 303

314 3203 343 3246 ε)
368 3203 414 3238 cf.
441 3202 658 3248 Marquardt
685 3203 730 3236 R.
747 3203 791 3238 A.
817 3203 839 3238 3
864 3213 899 3248 p.
918 3202 997 3244 174,
1023 3202 1088 3237 ubi
1157 3204 1237 3246 220,
1258 3205 1299 3243 8;
1324 3203 1407 3245 241,
1425 3202 1484 3237 23.

221 3259 305 3296 vide
331 3260 443 3296 etiam
478 3260 524 3296 de
555 3260 716 3307 publicis
743 3261 923 3305 virginum
950 3260 1087 3296 Vesta-
