2340 3658
1103 214 1272 250 Incertae
1300 214 1447 250 aetatis.

363 229 518 257 ccxxw

684 802 1117 866 ‘FRAGMENTA
1159 802 1459 866 AETATIS
1497 806 1658 868 INCE
1683 805 1862 869 ἰΤΑΕ.

1229 987 1298 1043 Α.

1158 1122 1318 1176 Paqina
1349 1124 1382 1164 I.

360 1247 583 1257 ......
620 1215 661 1255 P.
698 1213 916 1255 Petronius

416 1285 594 1326 Priscus.
1678 1296 1682 1299 ·

416 1385 1070 1395 ................
1105 1354 1147 1395 C.
1180 1354 1345 1407 Aufidio
1385 1351 1595 1395 Victorino
1628 1351 1950 1409 cc›(n)s(ulibus)

568 1422 624 1462 VI
652 1422 793 1472 (XVI)
822 1422 1063 1472 Maleudas)
1095 1423 1280 1473 Iuresias)

412 1493 454 1532 in
488 1491 608 1531 domo
641 1522 1210 1534 ..............
1252 1492 1484 1545 ηιαρζιέῑνὶ)
1519 1492 1677 1544 fratres
1717 1491 1894 1532 Arvales
1922 1491 2179 1544 praetextati

413 1561 666 1613 sacrificinm
706 1560 808 1600 deae
842 1560 948 1601 Diae
984 1566 1073 1601 lure
1112 1567 1149 1602 et
1178 1563 1274 1602 m'no
1303 1562 1510 1614 fecerum,
1547 1561 1686 1614 ibique
1725 1559 2030 1602 discumbentes
2059 1566 2181 1602 tora-

1655 1627 1783 1696 {libus
1813 1631 2074 1695 seyne-ematis
2104 1634 2177 1671 cet.

1142 1767 1305 1821 Payina
1335 1769 1394 1810 ΙΙ.

468 1874 482 1900 1
515 1890 827 1901 ........

468 1928 510 1970 in
542 1927 635 1969 luco

467 2000 533 2039 tor
580 2009 602 2039 e
634 2030 815 2040 .....

353 2124 614 2169 Fragmentum
643 2123 777 2158 litteris
804 2124 991 2169 pessimis,
1020 2124 1107 2159 altis
1134 2122 1221 2158 mill.
1249 2125 1293 2160 10
1318 2123 1354 2158 in
1380 2134 1437 2160 vv.
1465 2125 1496 2166 1,
1523 2124 1556 2166 3,
1582 2123 1616 2166 4,
1643 2122 1729 2158 mill.
1758 2124 1801 2158 18
1826 2123 1862 2158 in
1881 2133 1911 2158 v.
1930 2123 1964 2165 2,
1991 2125 2174 2168 repertum

883 2193 979 2218 anno
1006 2183 1097 2219 1867
1122 2182 1158 2217 in
1186 2182 1294 2217 vinea
1320 2181 1644 2217 Ceccarelliorum.

446 2253 638 2299 Descripsi
665 2255 703 2287 et
729 2251 829 2287 edidi
857 2252 892 2287 in
912 2252 1005 2287 Ann-
1031 2254 1113 2287 inst.
1130 2253 1229 2287 arch.

352 2312 443 2347 1867
470 2323 503 2357 p.
531 2312 615 2347 288.

448 2370 614 2405 Verbum
636 2371 868 2416 pra]eteaetati
893 2369 938 2416 (v.
953 2370 988 2414 5)
1009 2369 1054 2404 ad
1075 2369 1228 2416 primum

352 2426 447 2462 diem
476 2428 573 2463 sacri
600 2428 692 2463 deae
719 2428 814 2464 Diae
852 2428 1096 2474 fragmentum
1135 2428 1228 2463 refe-

350 2486 503 2521 rendum
531 2498 614 2522 esse
643 2486 826 2522 ostendit:
862 2487 1029 2532 sequitur
1055 2486 1228 2522 consules

351 2549 659 2587 commemoratos
699 2557 731 2579 v.
759 2546 781 2581 3
819 2544 998 2579 suffectos
1034 2556 1131 2587 esse,
1158 2555 1227 2580 nec

351 2604 504 2648 cogitari
530 2614 644 2650 posse
671 2608 734 2639 aut
760 2603 806 2638 de
828 2614 924 2638 anno
944 2604 1023 2644 200,
1051 2615 1122 2649 quo
1151 2605 1226 2638 Au-

350 2661 459 2696 fidius
476 2661 623 2707 quidam
644 2662 856 2697 Victorinus
878 2662 1001 2697 fasces
1019 2662 1226 2697 ordinarios

350 2720 482 2765 gessit,
510 2724 573 2754 aut
600 2720 645 2755 de
672 2731 768 2756 anno
788 2722 866 2763 183,
895 2731 966 2766 quo
981 2720 1111 2756 iterum
1139 2731 1225 2756 con-

351 2778 406 2814 sul
449 2777 517 2813 fuit
559 2778 653 2814 alius
690 2778 862 2815 Aufidius
893 2779 1122 2816 Victorinus.
1171 2778 1225 2814 At

1300 2254 1428 2298 potest
1470 2252 1652 2287 indicatus
1696 2262 1782 2286 esse
1825 2251 1931 2286 huius
1958 2250 2172 2286 consulatus

1299 2311 1416 2357 prior,
1453 2310 1499 2345 de
1526 2311 1629 2346 cuius
1669 2321 1764 2346 anno
1802 2309 1893 2344 nihil
1918 2312 2085 2345 eonstat:
2123 2311 2172 2351 et,

1299 2380 1518 2415 quamquam
1546 2380 1671 2415 parum
1697 2369 1792 2404 bene
1819 2369 1967 2403 litterae
1999 2370 2173 2403 exaratae

1300 2430 1395 2471 sunt,
1421 2438 1518 2474 apex
1543 2430 1665 2463 tamen
1691 2428 1727 2462 in
1754 2437 1846 2462 voce
1869 2429 1925 2461 cde
1952 2426 2099 2472 positus
2125 2424 2172 2460 ad

1298 2489 1459 2521 aetatem
1474 2486 1597 2532 paullo
1614 2486 1859 2532 antiquiorem
1877 2485 1972 2519 bene
1987 2482 2172 2519 convenit.

1294 2545 1506 2579 Frustulum
1533 2544 1632 2590 quod
1658 2547 1832 2590 superest
1849 2543 2010 2589 paginae
2025 2543 2047 2579 2
2065 2541 2171 2576 nimis

1295 2613 1458 2648 parvum,
1486 2613 1593 2648 quam
1613 2602 1711 2649 quod
1727 2602 1851 2648 possit
1868 2601 2039 2636 restitui:
2067 2601 2171 2636 vide-

1293 2666 1352 2696 tur
1389 2661 1516 2696 referri
1552 2671 1665 2708 posse
1704 2661 1750 2696 ad
1786 2659 1969 2707 piaculum
2009 2660 2044 2694 in
2086 2659 2170 2695 luco

1296 2720 1443 2755 factum.
