2340 3658
375 228 460 272 210

424 344 520 379 libus
562 343 690 390 primis
737 343 774 377 in
821 341 1032 378 Saturnalia
1082 339 1248 376 secunda

425 403 545 438 factus
583 402 621 437 V
658 403 722 445 25,
749 421 790 426 —
820 401 899 434 eius
927 399 1067 435 creatio
1094 399 1245 445 primum

428 462 465 497 in
499 461 594 496 actis
632 471 663 496 a.
688 460 732 494 87
770 462 1074 494 commemoratur
1106 459 1168 500 283
1204 478 1245 483 ——

426 520 602 555 defuncto
629 518 764 553 flamini
785 517 964 552 sufficitur
983 517 1076 551 alius
1095 518 1163 551 161
1177 544 1184 558 ,
1205 536 1245 541 -

423 590 495 614 non
515 578 631 623 liquet
644 579 762 611 utrum
781 587 803 610 a
824 575 1014 621 magistro,
1032 586 1076 610 an
1097 586 1118 610 a
1136 575 1247 610 colle-

426 637 483 682 gis
508 637 598 672 ibol.:
627 655 666 660 -
709 634 890 670 sufficitur
921 634 1026 678 alius,
1067 644 1147 669 cum
1183 634 1247 668 ab·

429 698 558 732 essent
587 694 718 728 flamen
753 696 791 728 et
828 693 1029 739 proflamen
1062 694 1128 728 161
1164 694 1248 740 1623

427 775 470 780 —
499 753 671 788 defuncto
709 753 885 798 magistro
925 755 1052 787 cessat
1089 751 1247 787 officium

427 811 583 848 flaminis
622 811 677 846 VI
715 812 800 858 1613
840 831 878 835 -
923 810 1054 845 flamen
1094 813 1132 844 et
1166 810 1248 856 ipse

424 870 672 918 promagister
696 870 758 914 823
789 889 827 894 -
860 871 1058 915 proflamen
1086 868 1154 904 VI.

377 929 634 966 Flaminius
661 928 817 964 Vacca
843 928 889 962 de
916 927 1049 963 statuis
1077 927 1249 963 basibus-

428 998 499 1034 que
519 998 640 1022 earum
661 987 862 1034 inscriptis,
888 987 1047 1033 repertis
1067 986 1113 1021 ad
1131 986 1250 1021 locum

426 1047 487 1093 qui
514 1045 648 1081 dicitur
674 1048 788 1091 affoqa
814 1046 940 1080 l'asi‘no
966 1045 1070 1080 XIX.

378 1105 520 1141 Flora
546 1105 627 1140 146.

377 1164 605 1200 Foculus:
640 1163 686 1198 de
714 1163 830 1198 forma
856 1163 936 1198 eius
961 1164 1017 1205 23,
1045 1163 1090 1198 cf.
1118 1163 1178 1205 933
1209 1182 1249 1187 ———

429 1243 470 1249 —
497 1221 658 1258 Arvales
702 1222 892 1257 immolant
934 1224 1018 1256 ante
1056 1222 1175 1256 lucum
1214 1221 1251 1254 in

427 1281 552 1317 foculo
591 1291 741 1317 vaccam
769 1280 860 1315 deae
894 1280 987 1315 Diae
1019 1279 1250 1315 honorariam

424 1342 487 1386 203
523 1360 565 1365 —
614 1342 812 1385 argenteus
851 1339 988 1385 cespiti
1025 1341 1176 1375 ornatus
1215 1338 1251 1373 in

426 1400 525 1435 circo
551 1399 596 1434 21
614 1400 678 1441 23;
705 1401 790 1434 ante
819 1399 939 1433 lucum
965 1399 1029 1442 233
1057 1398 1250 1443 distingui-

424 1461 484 1494 tur
509 1457 555 1493 ab
583 1469 647 1493 ara
670 1459 739 1492 z'bd.

377 1517 408 1552 F
426 1527 507 1552 ons
535 1517 614 1552 146,

378 1576 639 1618 Fontanus,
666 1575 872 1610 Foutana
900 1575 977 1611 146.

378 1634 651 1670 Fontinalia
676 1633 754 1669 146.

379 1693 493 1728 Fors
520 1693 745 1734 Fortuna,
771 1692 945 1726 basesei
967 1691 1161 1727 dedicatae
1189 1692 1252 1726 de-

426 1753 550 1786 tectae
569 1761 686 1796 prope
706 1750 826 1785 lucum
845 1750 1037 1785 Arvalium
1057 1751 1131 1786 XV
1150 1751 1253 1787 XIX.

379 1810 609 1845 Fortuna:
650 1809 858 1844 immolatur
896 1809 929 1843 ei
964 1820 1030 1855 pro
1065 1809 1182 1844 salute
1217 1811 1254 1843 et

427 1868 549 1903 reditu
576 1868 778 1904 Domitiani
813 1868 891 1903 122.
921 1887 959 1892 —
990 1867 1093 1902 dux:
1127 1868 1252 1901 immo-

428 1927 526 1962 latur
552 1927 603 1970 ei,
633 1927 729 1973 quod
757 1927 963 1962 Antoninus
992 1926 1120 1962 Severi
1154 1926 1175 1962 f.
1209 1925 1253 1960 ad

431 1987 587 2022 hiberna
604 1985 850 2021 Nicomediae
877 1986 1068 2031 ingressus
1094 1985 1143 2020 sit
1168 1986 1255 2026 ibd.;

433 2066 475 2071 —
501 2044 662 2080 redux:
690 2043 899 2079 immolatur
925 2045 958 2079 ei
984 2044 1030 2079 ob
1058 2043 1154 2078 diem
1183 2054 1254 2089 quo

428 2105 556 2140 urbem
590 2104 781 2148 ingressus
816 2106 875 2138 est
905 2103 1166 2150 Vespasianus
1199 2103 1255 2144 86,

432 2185 471 2189 —
501 2174 570 2210 pro
597 2162 717 2197 salute
745 2164 783 2196 et.
806 2162 927 2196 reditu
949 2161 1150 2196 Domitiani
1178 2162 1256 2204 122,

431 2244 471 2249 —
500 2222 651 2257 Traiani
677 2220 763 2262 124;
790 2241 833 2246 -
866 2221 913 2256 ob
947 2222 1102 2256 salutem
1137 2220 1254 2255 victo-

433 2283 595 2327 riamque
625 2280 882 2315 Germanicam
901 2279 1082 2314 Antonini
1110 2279 1254 2314 Severi-

430 2342 453 2378 f.
480 2343 518 2376 et
542 2340 659 2375 Iuliae
685 2339 878 2384 Augustae
906 2339 960 2373 86.

381 2401 542 2436 Forum
568 2398 842 2442 Augustum:
869 2397 1079 2432 immolatur
1103 2397 1155 2431 ibi
1183 2397 1254 2433 Ge-

430 2458 492 2494 nio
508 2456 688 2504 principis
716 2456 762 2491 84
788 2456 833 2490 85
858 2456 915 2497 87,
937 2475 979 2480 —
1012 2455 1122 2491 Marti
1146 2456 1256 2491 ultori

433 2517 477 2553 71
503 2517 547 2551 82
572 2517 618 2551 84
643 2516 707 2558 873
742 2535 783 2540 -—
818 2514 863 2549 de
897 2514 1025 2550 Salute
1062 2525 1134 2549 non
1167 2525 1254 2550 con-

428 2578 504 2612 stat
527 2576 583 2611 85.

381 2634 576 2670 Fratres
614 2633 782 2680 exceptis
809 2631 1010 2668 Arvalibus
1037 2631 1252 2667 sacerdotes

429 2693 663 2741 appellantur
688 2692 777 2727 nulli
803 2692 836 2734 I;
870 2691 914 2727 cf.
941 2694 1030 2726 nota
1055 2692 1087 2726 6.

379 2752 554 2798 Fruges
580 2751 719 2786 libatae
753 2751 798 2785 15
821 2750 867 2785 42
890 2750 948 2792 43,
981 2749 1159 2783 inlibatae
1189 2749 1251 2791 42,

427 2812 559 2857 petunt
597 2820 661 2845 eas
700 2808 917 2844 sacerdotes
957 2809 1014 2850 26,
1042 2828 1082 2833 -
1123 2807 1254 2843 dextra

427 2869 524 2912 dant,
557 2869 665 2904 laeva
698 2868 882 2914 recipiunt
914 2869 983 2902 ibd.
1015 2868 1078 2910 28,
1106 2886 1146 2892 —
1186 2878 1251 2913 pu-

427 2928 538 2963 blicis
557 2927 707 2963 tradunt
731 2928 797 2969 26;
817 2947 859 2952 —
887 2926 923 2961 in
945 2927 1043 2971 agris
1061 2926 1252 2961 circumia-

429 2986 598 3022 centibus
636 2986 682 3021 ab
721 2986 815 3033 ipsis
848 2984 1103 3020 sacerdotibus
1132 2985 1252 3020 lectae

425 3047 487 3088 32;
537 3066 577 3071 -—
624 3044 746 3080 aridas
787 3048 822 3079 et
860 3043 996 3079 virides
1036 3045 1254 3090 contingunt

425 3103 585 3140 Arvales
621 3105 677 3141 11.
717 3125 762 3130 —
798 3102 982 3148 Frugibus
1022 3103 1250 3139 sacrificatur

425 3162 496 3198 diis
524 3163 582 3198 14.

377 3220 553 3266 Fulgur
579 3221 717 3265 dium,
744 3225 1026 3264 nocturnum,
1055 3231 1247 3267 provor-

428 3291 530 3323 sum,
558 3291 839 3316 summanum
867 3280 945 3315 146.

1136 224 1252 259 Index
1277 224 1421 260 Rerum.

1317 339 1536 382 Galletti‚
1566 339 1758 375 Fabricius
1793 351 1856 374 -ε
1895 339 2059 385 in.,agro
2099 339 2179 376 eius

1363 398 1424 432 via
1460 398 1660 433 Portuensi
1701 398 1748 433 ad
1788 399 1953 444 quartum
1990 399 2184 434 miliarium

1363 467 1394 493 a.
1415 458 1508 492 1570
1525 457 1662 492 effossa
1680 461 1765 492 sunt¹
1785 460 1870 492 acta
1884 457 2074 492 Arvalium
2092 457 2180 500 XII;

1366 535 1406 540 ——
1434 526 1522 560 ager
1548 516 1643 550 situs
1670 516 1792 562 potius
1819 518 1878 550 est
1910 515 1970 550 via
1997 515 2185 562 Campana

1364 573 1459 609 XIII
1480 594 1518 599 -—
1549 578 1608 610 est
1632 575 1740 610 vinea
1767 585 1859 621 quae
1883 573 1994 610 hodie
2011 578 2068 610 est
2091 574 2184 619 Oec-

1366 632 1595 667 carelliorum
1620 634 1691 668 ibd.

1320 690 1496 726 Genius
1523 691 1691 737 ipsius,
1736 702 1786 727 sc.
1822 692 2019 739 principis:
2056 693 2184 730 immo·

1367 750 1461 785 latur
1494 752 1528 785 ei
1568 751 1615 785 ob
1649 751 1792 786 natales
1828 751 2032 798 principum
2057 752 2115 796 57,
2142 773 2186 778 —

1367 808 1413 843 ob
1440 809 1629 855 imperium
1658 810 1699 845 71
1729 810 1783 852 72,
1811 829 1854 835 -—
1880 810 1927 845 ob
1953 810 2186 847 tribuniciam

1364 869 1590 913 potestatem
1607 868 1660 911 73,
1680 889 1716 894 -
1733 869 1780 903 ob
1796 869 1946 904 comitia
1963 869 2184 913 consularia,

1365 926 1616 971 pontificatus,
1633 927 1934 973 sacerdotiorum,
1949 927 2186 974 pontificatus

1364 984 1513 1018 maximi
1547 985 1602 1028 73,
1630 1005 1670 1011 -—
1707 986 1754 1021 ob
1786 986 2082 1033 supplicationes
2120 997 2187 1034 pro

1367 1042 1486 1078 salute
1523 1043 1685 1079 Neronis
1719 1045 1781 1088 84,
1808 1065 1851 1070 —
1889 1056 1956 1092 pro
1995 1044 2115 1080 salute
2153 1049 2189 1081 et

1366 1101 1487 1137 reditu
1514 1103 1680 1138 eiusdem
1706 1105 1788 1146 ibd„
1824 1123 1863 1128 —-
1909 1103 1956 1138 ob
1990 1103 2187 1139 adventum

1366 1161 1464 1204 eius,
1504 1162 1725 1208 Poppaeae,
1766 1161 1944 1198 Claudiae
1970 1162 2027 1206 85,
2055 1182 2096 1187 —
2135 1162 2184 1198 ob

1368 1219 1506 1254 laurum
1546 1221 1626 1257 eius
1664 1223 1747 1264 ibd„
1784 1241 1824 1246 ——
1864 1220 1911 1256 ob
1950 1221 2188 1268 adoptionem

1369 1280 1447 1315 Ser.
1475 1280 1633 1326 Sulpicii
1671 1280 1813 1316 Galbae
1852 1280 2026 1316 Caesaris
2062 1281 2120 1323 86,
2144 1298 2188 1306 —

1369 1339 1416 1374 ob
1444 1339 1582 1374 laurum
1609 1339 1655 1374 ab
1681 1339 1828 1376 Othone
1855 1339 2016 1387 positam
2042 1340 2126 1382 ibd„
2145 1359 2187 1364 —

1368 1409 1434 1444 pro
1462 1398 1579 1433 salute
1614 1402 1652 1433 et
1677 1397 1838 1434 adventu
1863 1397 2012 1434 Vitellii
2038 1398 2118 1442 121,
2145 1417 2188 1423 -

1369 1467 1436 1503 pro
1464 1456 1584 1492 salute
1612 1457 1814 1492 Domitiani
1847 1456 2039 1504 imperium
2065 1456 2190 1504 auspi-

1370 1515 1444 1550 cati
1470 1515 1549 1557 105,
1575 1536 1613 1540 -«
1643 1516 1690 1551 ob
1717 1519 1805 1552 vota
1831 1527 1950 1551 annua
1976 1526 2042 1562 pro
2069 1513 2190 1550 salute

1371 1573 1563 1609 Commodi
1587 1575 1665 1617 112,
1688 1595 1725 1599 -
1755 1574 1938 1610 Antonini
1957 1574 2064 1619 Aug„
2091 1571 2190 1619 quod

1370 1632 1416 1666 ad
1455 1632 1609 1667 hiberna
1635 1633 1878 1668 Nicomediae
1916 1633 2109 1677 ingressus
2141 1630 2191 1666 sit

1372 1690 1450 1732 122,
1483 1710 1519 1714 ——
1554 1691 1601 1726 ob
1628 1692 1781 1727 salutem
1810 1692 2071 1735 victoriamque
2099 1689 2190 1724 Ger-

1371 1749 1550 1784 manicam
1589 1751 1668 1786 eius
1707 1754 1744 1786 et
1781 1751 1899 1786 Iuliae
1933 1748 2032 1795 Aug.
2064 1749 2120 1790 86,
2146 1767 2186 1774 —

1371 1807 1468 1852 quod
1496 1819 1540 1843 ex
1566 1809 1747 1854 naufragii
1773 1809 1938 1856 periculo
1965 1807 2088 1844 salvus
2113 1816 2190 1842 ser-

1370 1869 1476 1901 vatus
1515 1868 1564 1902 sit
1594 1869 1653 1902 ibd
1693 1888 1731 1894 -—
1772 1868 1892 1904 Genio
1925 1865 2104 1914 principis
2130 1865 2192 1900 ubi

1374 1925 1581 1961 immoletur
1608 1927 1662 1969 72,
1690 1947 1732 1952 —
1759 1927 1887 1962 Severi
1906 1923 2106 1961 Alexandri
2125 1924 2190 1958 im-

1372 1985 1531 2019 molatur
1567 1985 1603 2020 in
1630 1985 1713 2021 luco
1750 1986 1797 2021 ob
1832 1985 2015 2031 piaculum
2042 1982 2120 2018 148.
2147 2001 2190 2008 --

1327 2062 1367 2068 —
1395 2042 1504 2078 loci:
1530 2055 1594 2079 ara
1613 2045 1658 2087 ei,
1691 2050 1731 2080 ut
1757 2045 1911 2088 videtur,
1940 2043 2064 2079 dicata
2087 2041 2191 2079 XXI.

1325 2121 1369 2126 —
1396 2103 1557 2149 populi
1601 2104 1789 2139 Romani
1840 2104 1919 2139 sive
1969 2100 2191 2149 publicus

1372 2161 1432 2203 72;
1459 2181 1503 2187 -
1531 2162 1738 2198 immolatur
1770 2163 1804 2198 ei
1840 2163 1887 2198 ob
1914 2159 2103 2208 imperium
2135 2158 2191 2202 72,

1372 2239 1414 2245 -
1441 2220 1488 2255 ob
1527 2221 1762 2257 tribuniciam
1799 2222 2027 2268 potestatem
2058 2219 2114 2260 73,
2148 2237 2191 2243 ——

1370 2289 1437 2325 pro
1464 2281 1583 2315 salute
1610 2284 1648 2316 et
1672 2281 1832 2316 adventu
1853 2279 2002 2316 Vitellii
2027 2279 2094 2313 121
2113 2277 2192 2312 122.

1326 2336 1544 2375 Gustare:
1571 2342 1722 2384 gustant
1746 2339 1905 2375 Arvales
1936 2349 1982 2373 ex
2007 2336 2191 2373 sacrificio

1371 2397 1428 2439 20,
1456 2396 1502 2434 cf.
1527 2398 1584 2435 24.

1324 2503 1553 2540 Hercules
1592 2504 1767 2540 victor:
1813 2507 1936 2541 votum
1982 2505 2016 2540 ei
2056 2504 2191 2540 factum

1370 2574 1436 2609 pro
1463 2562 1581 2598 reditu
1600 2563 1751 2598 Traiani
1778 2564 1824 2599 ab
1850 2563 2090 2611 expeditione
2116 2562 2191 2598 Da-

1368 2622 1450 2656 cica
1474 2622 1595 2668 priore
1623 2623 1701 2658 124.

1321 2680 1497 2716 Honor:
1531 2682 1739 2717 immolatur
1772 2682 1807 2716 ei
1839 2681 1885 2716 ob
1913 2680 2064 2716 detecta
2089 2680 2190 2716 nefa·

1369 2739 1502 2774 riorum
1523 2740 1679 2775 consilia
1698 2741 1781 2783 1213
1801 2760 1845 2766 —
1871 2740 2012 2776 honor
2028 2739 2190 2787 Agrip-

1369 2798 1506 2845 pinae
1533 2801 1769 2844 Augustae
1803 2798 1937 2834 dicitur
1962 2798 2063 2834 Nero
2089 2799 2147 2836 57.

1323 2857 1526 2893 Hostiae
1553 2858 1712 2893 maiores
1732 2858 1794 2900 71;
1825 2879 1858 2883 m
1888 2857 2034 2894 hostiae
2051 2857 2189 2892 litatio-

1370 2927 1452 2951 nem
1478 2917 1664 2963 inspicere
1690 2918 1746 2952 26.

1322 3038 1510 3075 Iactare
1546 3038 1640 3074 ollas
1666 3049 1733 3085 per
1758 3037 1891 3073 clivum
1916 3036 1962 3071 26
1987 3035 2044 3071 32.

1319 3099 1460 3134 Ianus
1485 3098 1661 3145 princeps
1687 3097 1724 3132 in
1751 3094 1992 3132 sacrificando
2019 3092 2097 3130 147.

1320 3158 1460 3193 Ianus
1487 3160 1621 3204 pater
1647 3157 1724 3192 144.

1321 3217 1579 3253 Immolare:
1619 3215 1665 3250 de
1699 3214 1971 3261 significatione
2010 3209 2112 3247 verbi
2145 3213 2191 3250 93

1370 3276 1433 3311 94:
1464 3294 1504 3300 —
1533 3274 1720 3310 immolare
1746 3275 1864 3310 cultro
1890 3274 1945 3309 94.
