2340 3658
320 188 377 214 xx
1117 169 1331 206 Exordium.

323 293 529 344 temptare
560 287 691 342 volui,
723 287 822 329 lieet
859 287 1065 342 pleraque
1101 288 1212 326 eerte
1253 288 1349 327 aeta
1378 283 1604 327 videantur
1634 284 1687 326 ab
1718 284 1853 327 altera
1882 288 2002 340 parte
2032 283 2130 327 viae
2173 283 2175 286 ⁴

323 357 544 413 proposita
583 357 727 399 fuisse.
789 354 978 408 Negavit
1014 357 1157 395 tamen
1194 366 1437 408 possessor,
1476 366 1569 394 eum
1607 352 1777 394 vineam
1820 353 1952 411 villae
1996 353 2132 395 instar

324 427 567 469 instruetam
610 429 650 467 et
689 425 924 466 ordinatam
960 421 1118 463 destrui
1150 421 1294 463 nollet.
1354 421 1478 464 Unde
1510 434 1585 476 pro
1617 425 1806 476 tempore
1838 426 1950 464 eerte
1981 434 2007 464 a
2035 422 2130 464 luco

324 495 523 537 universo
564 493 828 549 explorando
866 505 957 532 eum
999 489 1291 532 desistendum
1331 494 1461 544 esset,
1500 492 1886 545 monumentorum,
1919 503 2029 545 quae
2059 490 2132 533 hu-

326 577 482 617 eusque
518 566 686 617 reperta
723 565 838 615 sunt,
878 559 1106 601 editionem
1143 571 1227 599 non
1266 559 1451 614 amplius
1492 557 1775 599 differendam
1807 571 1902 602 esse
1931 559 2131 603 iudicavi.

325 631 513 686 Lapides
553 635 691 672 autem
731 630 847 684 ipsos
886 642 912 669 a
949 627 1102 669 vineae
1140 627 1460 681 possessoribus
1508 630 1698 668 emerunt
1743 627 1814 680 qui
1850 629 2132 671 monumentis

327 700 509 754 antiquis
546 698 819 753 explorandis
858 701 899 739 et
930 693 1235 737 conservandis
1275 695 1389 750 apud
1423 695 1554 736 Italos
1592 699 1813 751 praesunt,
1859 696 1993 751 iique,
2034 696 2133 739 dum

327 773 500 824 paratur
544 768 680 822 loeus,
731 779 813 820 quo
868 765 1035 821 publice
1080 767 1390 819 proponantur,
1448 763 1747 806 adservantur
1775 764 1819 806 in
1870 768 2012 807 monte
2057 765 2134 807 Pa-

327 838 473 880 latino.
1952 832 1955 835 ’
2071 836 2074 837 ’

440 906 506 946 21.
567 905 740 945 Praeter
778 902 1020 957 fragmenta
1055 905 1243 943 aetorum
1282 902 1325 943 in
1357 902 1450 957 ipso
1482 902 1577 944 lueo
1609 902 1767 944 effossa
1796 893 1901 945 loeis
1934 902 2135 946 diversis-

329 975 449 1016 simis
482 973 596 1015 urbis
629 972 804 1025 eiusque
837 971 1021 1013 viciniae
1052 971 1273 1012 Arvalium
1306 971 1561 1013 documenta
1589 970 1766 1013 invent-a
1797 976 1894 1014 sunt
1923 971 2050 1015 haee:

452 1042 487 1083 1.
549 1042 828 1094 frag-mentum
863 1044 1050 1082 aetorum
1084 1053 1121 1081 a.
1153 1041 1220 1082 33.
1252 1041 1319 1082 34.
1352 1043 1418 1084 35.
1451 1042 1506 1082 3ss
1536 1041 1579 1082 in
1611 1040 1828 1094 Esquiliis.

442 1114 479 1152 2.
541 1123 578 1150 a.
610 1110 664 1149 43
696 1108 738 1149 in
772 1108 975 1163 impluvio
1008 1110 1048 1152 S.
1081 1108 1253 1150 Priscae
1283 1109 1326 1149 in
1358 1109 1582 1152 Aventino.

442 1181 480 1220 3.
542 1191 579 1218 a.
612 1178 666 1217 133
698 1176 739 1217 in
772 1177 875 1219 villa
907 1178 1138 1231 Negronia.

445 1249 485 1295 4.
547 1260 584 1287 a.
619 1246 670 1287 78
707 1246 750 1286 in
782 1246 913 1288 hortis
936 1246 1210 1301 Montaltinis,
1243 1259 1354 1300 quae
1384 1251 1535 1301 postea
1565 1247 1646 1288 fuit
1676 1247 1780 1288 villa
1811 1247 2136 1304 Negroniorum,

546 1314 702 1355 deinde
735 1315 1028 1365 Maximorum,
1062 1329 1172 1356 nuno
1205 1316 1331 1358 statio
1363 1316 1461 1358 viae
1492 1315 1690 1357 ferratae.

443 1388 482 1427 5.
542 1398 579 1425 a.
612 1384 662 1424 {ll
698 1383 737 1424 in
772 1383 985 1426 fodiendis
1018 1384 1307 1426 fundamentis
1339 1385 1452 1426 chori
1487 1385 1527 1426 S
1559 1384 1686 1426 Petri.

445 1456 484 1495 Γ».
545 1466 582 1493 a.
619 1453 723 1494 117:
757 1453 930 1494 extabat
961 1453 1059 1494 olim
1092 1453 1133 1494 in
1165 1453 1408 1508 pavimento
1442 1453 1647 1495 basilicae
1678 1453 1720 1496 S.
1753 1454 1888 1496 Pauli.

446 1524 483 1564 7.
545 1534 583 1561 a.
621 1521 698 1562 119
731 1526 942 1576 repertum
974 1522 1029 1564 ad
1060 1526 1228 1577 pontem
1262 1523 1502 1564 Palatinum
1536 1523 1578 1564 in
1601 1523 1927 1566 Transtiberina
1947 1524 2138 1578 regione.

447 1594 485 1632 8.
547 1604 585 1631 a.
622 1590 720 1631 1423:
760 1591 932 1633 extabat
969 1591 1012 1632 in
1052 1591 1304 1634 eoemeterio
1344 1591 1527 1645 quodam
1568 1592 1611 1633 in
1642 1591 1769 1634 vinea
1799 1591 1994 1634 Viseardi
2025 1606 2048 1635 e
2077 1606 2139 1636 re-

549 1657 677 1710 gione
709 1661 916 1702 eeclesiae
947 1660 989 1702 S.
1023 1660 1241 1701 Laurentii
1274 1664 1392 1702 extra
1422 1659 1604 1701 moenia.

445 1733 484 1773 9.
545 1740 583 1769 a.
620 1727 697 1768 1813
732 1730 932 1771 effossum
966 1743 1004 1771 a.
1040 1729 1146 1771 1855
1177 1729 1219 1771 in
1251 1734 1392 1771 monte
1424 1729 1635 1771 Aventino
1668 1730 1723 1771 ad
1756 1729 1797 1771 S.
1830 1730 2028 1773 Sabinae.

422 1804 483 1846 10,
546 1819 583 1846 a,
623 1799 724 1840 218:
762 1799 909 1843 tabula
947 1812 1056 1852 quae
1086 1798 1277 1840 subsellii
1310 1799 1376 1841 vel
1408 1811 1581 1839 mensae
1610 1799 1702 1839 loeo
1736 1798 1904 1841 videtur
1935 1799 2066 1842 fuisse
2096 1801 2141 1842 in

516 1876 519 1883 “
547 1875 641 1915 11100
674 1884 808 1924 saero,
842 1868 1002 1911 effossa
1031 1881 1069 1909 a.
1106 1867 1225 1922 1778,
1259 1880 1353 1908 eum
1386 1867 1665 1909 fundamenta
1694 1868 1934 1910 iacerentur
1963 1869 2141 1911 sam-arii

549 1941 761 1983 Vatieani.

422 2010 484 2051 ll.
546 2025 583 2052 a.
632 2012 737 2053 220:
784 2007 932 2050 tabula
969 2005 1024 2047 ad
1070 2005 1251 2047 eundem
1289 2018 1411 2047 usum
1454 2006 1647 2047 adhibita
1682 2020 1852 2060 unaque
1890 2021 1981 2050 eum
2013 2021 2054 2050 n.
2091 2008 2144 2051 10

551 2079 722 2121 effossa.
1759 2079 1762 2082 ’

429 2150 491 2190 12.
555 2163 592 2189 a.
634 2149 712 2190 {231
753 2161 841 2202 rep.
882 2160 919 2187 a.
964 2145 1069 2186 1778
1111 2143 1155 2185 111
1195 2144 1299 2186 villa
1337 2143 1602 2185 Iustinianea
1642 2157 1774 2199 prope
1812 2144 1854 2186 S.
1886 2146 2069 2188 Joannis
2098 2145 2142 2188 in

552 2218 779 2270 Laterano,
812 2228 924 2257 nune
954 2213 1239 2267 Wolkonsky.

427 2286 486 2326 13.
548 2300 586 2327 a.
624 2285 773 2327 ineerti
812 2285 923 2326 eirea
962 2286 1141 2324 aetatem
1186 2280 1412 2334 Elagabali
1452 2281 1518 2323 vel
1552 2281 1806 2323 Alexandri:
1838 2295 1927 2338 rep.
1960 2297 1998 2325 a.
2036 2285 2142 2327 1858

552 2356 594 2396 in
627 2353 879 2396 eoemeterio
912 2351 1088 2394 Callisti.

427 2425 488 2465 14.
551 2439 588 2466 a.
628 2425 702 2466 241
749 2423 951 2465 effossum
991 2434 1028 2462 a.
1070 2420 1178 2461 1744
1216 2419 1259 2460 iu
1293 2419 1467 2473 regione
1497 2419 1835 2475 'l‘ranstiberina,
1868 2434 1962 2463 eum
1994 2421 2143 2474 funda-

551 2498 694 2535 menta
723 2493 961 2534 iaeerentur
992 2489 1112 2532 aedis
1143 2488 1449 2530 conservatorii
1482 2488 1523 2529 S.
1556 2488 1788 2530 Pasebalis.

451 2563 669 2604 Aeeedunt
707 2562 948 2614 fragmenta
984 2558 1098 2600 haud
1135 2548 1353 2612 pauea'in
1383 2556 1486 2597 urbe
1518 2561 1707 2612 servata,
1747 2572 1857 2612 quae
1888 2571 2144 2613 quamquam

336 2632 406 2673 ubi
451 2633 608 2674 effossa
640 2631 723 2672 sint
753 2628 993 2671 aeeuratius
1030 2626 1193 2668 definiri
1234 2625 1400 2679 nequit,
1444 2629 1585 2666 tamen
1625 2639 1709 2667 non
1748 2627 1946 2669 videntur
1975 2627 2019 2668 in
2050 2627 2145 2670 luco

339 2705 509 2756 reperta
556 2714 662 2741 esse.
724 2700 772 2740 In
817 2709 900 2750 quo
947 2710 1039 2737 011111
1081 2695 1223 2736 omnia
1261 2694 1428 2747 collegii
1467 2698 1561 2735 aeta
1605 2694 1702 2735 olim
1750 2695 1945 2750 exposita
1989 2695 2147 2738 fuerint

337 2782 511 2811 neeesse
545 2770 610 2819 sit,
645 2767 745 2809 inde
773 2766 918 2807 ablata
940 2769 980 2806 et
1002 2764 1194 2819 dispersa
1219 2776 1294 2818 per
1315 2763 1460 2804 urbem
1485 2766 1526 2803 et
1546 2763 1640 2804 loea
1661 2763 1802 2806 vieina
1832 2764 2005 2806 inventa
2034 2769 2144 2806 sunt.

341 2838 463 2888 Quod
504 2837 674 2891 quando
724 2840 765 2877 et
807 2847 892 2888 qua
929 2833 1095 2874 ratione
1134 2833 1287 2873 factum
1329 2831 1400 2894 sit,
1447 2831 1688 2885 exploravit
1728 2847 1865 2887 nuper
1900 2832 2144 2890 Rossius'),

339 2910 379 2948 et
409 2907 530 2947 simul
566 2907 701 2961 ipsam
734 2904 815 2945 11101
848 2902 1069 2944 historiam
1103 2901 1329 2955 enarravit,
1364 2900 1415 2942 de
1448 2913 1533 2954 qua
1563 2901 1686 2942 nobis
1718 2915 1885 2955 quoque
1908 2901 2147 2944 accuratius

340 2974 638 3029 disputandum
673 2978 748 3016 est.
1256 3022 1260 3026 ⁸

453 3045 520 3084 22.
584 3044 635 3084 Et
666 3043 784 3084 luens
817 3041 985 3095 quidem
1020 3053 1101 3093 quo
1133 3039 1226 3080 loeo
1260 3038 1397 3091 fuerit,
1431 3052 1479 3080 ex
1514 3038 1565 3080 iis
1598 3052 1706 3093 quae
1739 3038 1791 3080 de
1822 3038 2072 3091 fragmentis
2102 3039 2146 3081 in

342 3112 411 3153 illo
453 3112 632 3166 repertis
674 3110 969 3166 exposuimus,
1018 3108 1286 3160 intellegitur.
1350 3107 1452 3149 Erat
1489 3111 1628 3149 autem
1662 3107 1719 3150 ibi
1759 3107 1800 3148 in
1838 3121 1999 3148 summo
2038 3107 2148 3149 eolle

438 3272 460 3318 ¹)
492 3274 582 3306 Ληη.
616 3272 689 3306 Insa
722 3274 816 3307 arch.
842 3274 929 3309 1858
957 3283 989 3319 p.
1009 3273 1053 3309 64
1070 3283 1185 3319 se(1q.;
1215 3272 1310 3305 Ball.
1339 3273 1369 3305 (ἰ.
1401 3273 1494 3305 arc-lc.
1523 3273 1615 3305 erz'sl.
1647 3272 1736 3307 1868
1761 3282 1794 3317 p.
1814 3273 1869 3307 30.
