<?xml version="1.0" encoding="UTF-8"?>
<!DOCTYPE html PUBLIC "-//W3C//DTD XHTML 1.0 Transitional//EN"
    "http://www.w3.org/TR/xhtml1/DTD/xhtml1-transitional.dtd">
<html xmlns="http://www.w3.org/1999/xhtml" xml:lang="en" lang="en">
 <head>
  <title>
</title>
<meta http-equiv="Content-Type" content="text/html;charset=utf-8" />
  <meta name='ocr-system' content='tesseract 3.04.00' />
  <meta name='ocr-capabilities' content='ocr_page ocr_carea ocr_par ocr_line ocrx_word'/>
</head>
<body>
  <div class='ocr_page' id='page_1' title='image "./actafratrumarval00henzuoft_0285.png"; bbox 0 0 2340 3658; ppageno 0'>
   <div class='ocr_carea' id='block_1_1' title="bbox 960 204 1989 255">
    <p class='ocr_par' dir='ltr' id='par_1_1' title="bbox 960 204 1989 255">
     <span class='ocr_line' id='line_1_1' title="bbox 960 204 1989 255; baseline 0.005 -12"><span class='ocrx_word' id='word_1_1' title='bbox 960 207 1042 244; x_wconf 86' lang='lat' dir='ltr'><strong>dies</strong></span> <span class='ocrx_word' id='word_1_2' title='bbox 1066 206 1216 255; x_wconf 87' lang='lat' dir='ltr'><strong>primus.</strong></span> <span class='ocrx_word' id='word_1_3' title='bbox 1938 204 1989 249; x_wconf 84' lang='lat'><strong>15</strong></span> 
     </span>
    </p>
   </div>
   <div class='ocr_carea' id='block_1_2' title="bbox 186 319 1992 438">
    <p class='ocr_par' dir='ltr' id='par_1_2' title="bbox 186 319 1992 438">
     <span class='ocr_line' id='line_1_2' title="bbox 187 319 1990 371; baseline -0.005 -4"><span class='ocrx_word' id='word_1_4' title='bbox 187 327 295 367; x_wconf 84' lang='lat' dir='ltr'><strong>vales</strong></span> <span class='ocrx_word' id='word_1_5' title='bbox 323 326 420 366; x_wconf 85' lang='lat' dir='ltr'><strong>satis</strong></span> <span class='ocrx_word' id='word_1_6' title='bbox 448 327 604 365; x_wconf 89' lang='lat' dir='ltr'><strong>constat</strong></span> <span class='ocrx_word' id='word_1_7' title='bbox 631 324 785 364; x_wconf 86' lang='lat' dir='ltr'><strong>collatis</strong></span> <span class='ocrx_word' id='word_1_8' title='bbox 813 323 912 362; x_wconf 88' lang='lat' dir='ltr'><strong>actis</strong></span> <span class='ocrx_word' id='word_1_9' title='bbox 940 334 1128 363; x_wconf 88' lang='lat' dir='ltr'><strong>annorum</strong></span> <span class='ocrx_word' id='word_1_10' title='bbox 1155 322 1231 362; x_wconf 84' lang='lat'><strong>218</strong></span> <span class='ocrx_word' id='word_1_11' title='bbox 1258 322 1300 360; x_wconf 86' lang='lat' dir='ltr'><strong>et</strong></span> <span class='ocrx_word' id='word_1_12' title='bbox 1324 320 1412 360; x_wconf 79' lang='lat'><strong>241,</strong></span> <span class='ocrx_word' id='word_1_13' title='bbox 1449 319 1562 359; x_wconf 81' lang='lat' dir='ltr'><strong>Inter</strong></span> <span class='ocrx_word' id='word_1_14' title='bbox 1580 319 1741 371; x_wconf 91' lang='lat' dir='ltr'><strong>quaein</strong></span> <span class='ocrx_word' id='word_1_15' title='bbox 1760 319 1990 359; x_wconf 82' lang='lat' dir='ltr'><strong>enarrandis</strong></span> 
     </span>
     <span class='ocr_line' id='line_1_3' title="bbox 186 383 1992 438; baseline -0.006 -7"><span class='ocrx_word' id='word_1_16' title='bbox 186 389 431 431; x_wconf 73' lang='lat' dir='ltr'><strong>caerimoniis</strong></span> <span class='ocrx_word' id='word_1_17' title='bbox 459 400 509 429; x_wconf 89' lang='lat' dir='ltr'><strong>ea.</strong></span> <span class='ocrx_word' id='word_1_18' title='bbox 534 392 598 428; x_wconf 87' lang='lat' dir='ltr'><strong>est</strong></span> <span class='ocrx_word' id='word_1_19' title='bbox 631 387 870 437; x_wconf 86' lang='lat' dir='ltr'><strong>differentia,</strong></span> <span class='ocrx_word' id='word_1_20' title='bbox 905 386 1011 438; x_wconf 92' lang='lat' dir='ltr'><strong>quod</strong></span> <span class='ocrx_word' id='word_1_21' title='bbox 1043 387 1083 425; x_wconf 91' lang='lat' dir='ltr'><strong>in</strong></span> <span class='ocrx_word' id='word_1_22' title='bbox 1118 385 1217 425; x_wconf 86' lang='lat' dir='ltr'><strong>actis</strong></span> <span class='ocrx_word' id='word_1_23' title='bbox 1246 397 1280 423; x_wconf 88' lang='lat' dir='ltr'><strong>a.</strong></span> <span class='ocrx_word' id='word_1_24' title='bbox 1307 385 1383 422; x_wconf 86' lang='lat'><strong>218</strong></span> <span class='ocrx_word' id='word_1_25' title='bbox 1412 395 1492 422; x_wconf 90' lang='lat' dir='ltr'><strong>non</strong></span> <span class='ocrx_word' id='word_1_26' title='bbox 1519 387 1845 422; x_wconf 82' lang='lat' dir='ltr'><strong>commemoratur</strong></span> <span class='ocrx_word' id='word_1_27' title='bbox 1870 383 1992 421; x_wconf 90' lang='lat' dir='ltr'><strong>nomi-</strong></span> 
     </span>
    </p>
   </div>
   <div class='ocr_carea' id='block_1_3' title="bbox 54 439 1993 503">
    <p class='ocr_par' dir='ltr' id='par_1_3' title="bbox 54 427 1993 503">
     <span class='ocr_line' id='line_1_4' title="bbox 54 439 1993 503; baseline -0.005 -10"><span class='ocrx_word' id='word_1_28' title='bbox 54 450 83 486; x_wconf 84' lang='grc'><strong>·-</strong></span> <span class='ocrx_word' id='word_1_29' title='bbox 119 496 122 497; x_wconf 16' lang='lat'><em>⁷</em></span> <span class='ocrx_word' id='word_1_30' title='bbox 189 454 311 494; x_wconf 85' lang='lat' dir='ltr'><strong>natim</strong></span> <span class='ocrx_word' id='word_1_31' title='bbox 338 452 538 503; x_wconf 83' lang='lat' dir='ltr'><strong>magister,</strong></span> <span class='ocrx_word' id='word_1_32' title='bbox 567 463 654 490; x_wconf 91' lang='lat' dir='ltr'><strong>cum</strong></span> <span class='ocrx_word' id='word_1_33' title='bbox 683 451 732 490; x_wconf 88' lang='lat' dir='ltr'><strong>de</strong></span> <span class='ocrx_word' id='word_1_34' title='bbox 758 451 856 502; x_wconf 89' lang='lat' dir='ltr'><strong>ipsis</strong></span> <span class='ocrx_word' id='word_1_35' title='bbox 884 461 1039 500; x_wconf 84' lang='lat' dir='ltr'><strong>semper</strong></span> <span class='ocrx_word' id='word_1_36' title='bbox 1065 448 1230 498; x_wconf 90' lang='lat' dir='ltr'><strong>collegis</strong></span> <span class='ocrx_word' id='word_1_37' title='bbox 1259 453 1412 497; x_wconf 81' lang='lat' dir='ltr'><strong>agatur,</strong></span> <span class='ocrx_word' id='word_1_38' title='bbox 1441 439 1483 485; x_wconf 82' lang='lat' dir='ltr'><strong>in</strong></span> <span class='ocrx_word' id='word_1_39' title='bbox 1509 447 1608 486; x_wconf 88' lang='lat' dir='ltr'><strong>actis</strong></span> <span class='ocrx_word' id='word_1_40' title='bbox 1638 458 1671 486; x_wconf 89' lang='lat' dir='ltr'><strong>a.</strong></span> <span class='ocrx_word' id='word_1_41' title='bbox 1700 447 1774 485; x_wconf 88' lang='grc'><strong>241</strong></span> <span class='ocrx_word' id='word_1_42' title='bbox 1803 446 1993 496; x_wconf 85' lang='lat' dir='ltr'><strong>magister</strong></span> 
     </span>
    </p>
   </div>
   <div class='ocr_carea' id='block_1_4' title="bbox 187 509 1994 755">
    <p class='ocr_par' dir='ltr' id='par_1_4' title="bbox 187 509 1994 755">
     <span class='ocr_line' id='line_1_5' title="bbox 190 509 1994 565; baseline -0.004 -9"><span class='ocrx_word' id='word_1_43' title='bbox 190 530 216 556; x_wconf 90' lang='lat' dir='ltr'><strong>a</strong></span> <span class='ocrx_word' id='word_1_44' title='bbox 239 516 428 556; x_wconf 84' lang='lat' dir='ltr'><strong>fratribus</strong></span> <span class='ocrx_word' id='word_1_45' title='bbox 469 514 678 554; x_wconf 88' lang='lat' dir='ltr'><strong>distinctus</strong></span> <span class='ocrx_word' id='word_1_46' title='bbox 714 513 926 565; x_wconf 84' lang='lat' dir='ltr'><strong>separatim</strong></span> <span class='ocrx_word' id='word_1_47' title='bbox 965 512 1197 551; x_wconf 86' lang='lat' dir='ltr'><strong>nominatur.</strong></span> <span class='ocrx_word' id='word_1_48' title='bbox 1248 510 1306 550; x_wconf 88' lang='lat' dir='ltr'><strong>Ut</strong></span> <span class='ocrx_word' id='word_1_49' title='bbox 1344 510 1383 548; x_wconf 91' lang='lat' dir='ltr'><strong>iu</strong></span> <span class='ocrx_word' id='word_1_50' title='bbox 1417 509 1477 548; x_wconf 87' lang='lat' dir='ltr'><strong>his</strong></span> <span class='ocrx_word' id='word_1_51' title='bbox 1512 510 1700 559; x_wconf 88' lang='lat' dir='ltr'><strong>magister</strong></span> <span class='ocrx_word' id='word_1_52' title='bbox 1735 510 1876 549; x_wconf 90' lang='lat' dir='ltr'><strong>dicitur</strong></span> <span class='ocrx_word' id='word_1_53' title='bbox 1901 515 1994 560; x_wconf 90' lang='lat' dir='ltr'><strong>post</strong></span> 
     </span>
     <span class='ocr_line' id='line_1_6' title="bbox 193 572 1992 626; baseline -0.005 -7"><span class='ocrx_word' id='word_1_54' title='bbox 193 579 394 619; x_wconf 84' lang='lat' dir='ltr'><strong>meridiem</strong></span> <span class='ocrx_word' id='word_1_55' title='bbox 420 579 526 618; x_wconf 91' lang='lat' dir='ltr'><strong>lotus</strong></span> <span class='ocrx_word' id='word_1_56' title='bbox 554 577 754 618; x_wconf 87' lang='lat' dir='ltr'><strong>cenatorio</strong></span> <span class='ocrx_word' id='word_1_57' title='bbox 789 577 880 615; x_wconf 92' lang='lat' dir='ltr'><strong>albo</strong></span> <span class='ocrx_word' id='word_1_58' title='bbox 909 587 996 614; x_wconf 91' lang='lat' dir='ltr'><strong>cum</strong></span> <span class='ocrx_word' id='word_1_59' title='bbox 1022 575 1154 626; x_wconf 88' lang='lat' dir='ltr'><strong>pueris</strong></span> <span class='ocrx_word' id='word_1_60' title='bbox 1181 574 1443 625; x_wconf 79' lang='lat' dir='ltr'><strong>praetextatis</strong></span> <span class='ocrx_word' id='word_1_61' title='bbox 1470 573 1510 611; x_wconf 92' lang='lat' dir='ltr'><strong>in</strong></span> <span class='ocrx_word' id='word_1_62' title='bbox 1538 572 1734 612; x_wconf 81' lang='lat' dir='ltr'><strong>cathedris</strong></span> <span class='ocrx_word' id='word_1_63' title='bbox 1763 572 1992 612; x_wconf 82' lang='lat' dir='ltr'><strong>consedisse</strong></span> 
     </span>
     <span class='ocr_line' id='line_1_7' title="bbox 193 636 1990 693; baseline -0.005 -11"><span class='ocrx_word' id='word_1_64' title='bbox 193 647 235 682; x_wconf 90' lang='lat' dir='ltr'><strong>et</strong></span> <span class='ocrx_word' id='word_1_65' title='bbox 260 642 443 693; x_wconf 78' lang='lat' dir='ltr'><strong>epulatus</strong></span> <span class='ocrx_word' id='word_1_66' title='bbox 471 653 573 691; x_wconf 89' lang='lat' dir='ltr'><strong>esse,</strong></span> <span class='ocrx_word' id='word_1_67' title='bbox 598 642 740 680; x_wconf 79' lang='lat' dir='ltr'><strong>fratres</strong></span> <span class='ocrx_word' id='word_1_68' title='bbox 769 651 860 679; x_wconf 87' lang='lat' dir='ltr'><strong>vero</strong></span> <span class='ocrx_word' id='word_1_69' title='bbox 887 644 1031 690; x_wconf 87' lang='lat' dir='ltr'><strong>postea</strong></span> <span class='ocrx_word' id='word_1_70' title='bbox 1059 638 1213 677; x_wconf 89' lang='lat' dir='ltr'><strong>demum</strong></span> <span class='ocrx_word' id='word_1_71' title='bbox 1240 642 1309 676; x_wconf 91' lang='lat' dir='ltr'><strong>aut</strong></span> <span class='ocrx_word' id='word_1_72' title='bbox 1334 644 1420 675; x_wconf 90' lang='lat' dir='ltr'><strong>ture</strong></span> <span class='ocrx_word' id='word_1_73' title='bbox 1447 640 1486 675; x_wconf 89' lang='lat' dir='ltr'><strong>et</strong></span> <span class='ocrx_word' id='word_1_74' title='bbox 1512 636 1602 675; x_wconf 91' lang='lat' dir='ltr'><strong>vino</strong></span> <span class='ocrx_word' id='word_1_75' title='bbox 1629 636 1773 675; x_wconf 89' lang='lat' dir='ltr'><strong>fecisse</strong></span> <span class='ocrx_word' id='word_1_76' title='bbox 1804 641 1871 675; x_wconf 91' lang='lat' dir='ltr'><strong>aut</strong></span> <span class='ocrx_word' id='word_1_77' title='bbox 1897 648 1990 686; x_wconf 90' lang='lat' dir='ltr'><strong>epu-</strong></span> 
     </span>
     <span class='ocr_line' id='line_1_8' title="bbox 187 699 1990 755; baseline -0.004 -10"><span class='ocrx_word' id='word_1_78' title='bbox 187 706 262 746; x_wconf 88' lang='lat' dir='ltr'><strong>lati</strong></span> <span class='ocrx_word' id='word_1_79' title='bbox 288 717 389 744; x_wconf 89' lang='lat' dir='ltr'><strong>esse.</strong></span> <span class='ocrx_word' id='word_1_80' title='bbox 442 705 492 744; x_wconf 94' lang='lat' dir='ltr'><strong>In</strong></span> <span class='ocrx_word' id='word_1_81' title='bbox 519 704 659 755; x_wconf 90' lang='lat' dir='ltr'><strong>quibus</strong></span> <span class='ocrx_word' id='word_1_82' title='bbox 688 703 807 742; x_wconf 90' lang='lat' dir='ltr'><strong>rebus</strong></span> <span class='ocrx_word' id='word_1_83' title='bbox 826 702 1055 752; x_wconf 85' lang='lat' dir='ltr'><strong>referendis,</strong></span> <span class='ocrx_word' id='word_1_84' title='bbox 1083 714 1171 740; x_wconf 91' lang='lat' dir='ltr'><strong>cum</strong></span> <span class='ocrx_word' id='word_1_85' title='bbox 1185 712 1311 751; x_wconf 87' lang='lat' dir='ltr'><strong>neque</strong></span> <span class='ocrx_word' id='word_1_86' title='bbox 1327 699 1556 749; x_wconf 84' lang='lat' dir='ltr'><strong>magistrum</strong></span> <span class='ocrx_word' id='word_1_87' title='bbox 1583 699 1790 750; x_wconf 87' lang='lat' dir='ltr'><strong>probabile</strong></span> <span class='ocrx_word' id='word_1_88' title='bbox 1818 699 1869 738; x_wconf 87' lang='lat' dir='ltr'><strong>sit</strong></span> <span class='ocrx_word' id='word_1_89' title='bbox 1897 710 1990 750; x_wconf 89' lang='lat' dir='ltr'><strong>epu·</strong></span> 
     </span>
    </p>
   </div>
   <div class='ocr_carea' id='block_1_5' title="bbox 55 758 1991 814">
    <p class='ocr_par' dir='ltr' id='par_1_5' title="bbox 55 758 1991 814">
     <span class='ocr_line' id='line_1_9' title="bbox 55 758 1991 814; baseline -0.004 -5"><span class='ocrx_word' id='word_1_90' title='bbox 55 758 65 765; x_wconf 51' lang='grc'><em>“</em></span> <span class='ocrx_word' id='word_1_91' title='bbox 126 795 127 798; x_wconf 57' lang='lat'><em>=</em></span> <span class='ocrx_word' id='word_1_92' title='bbox 186 769 308 808; x_wconf 87' lang='lat' dir='ltr'><strong>latum</strong></span> <span class='ocrx_word' id='word_1_93' title='bbox 342 780 430 808; x_wconf 88' lang='lat' dir='ltr'><strong>esse</strong></span> <span class='ocrx_word' id='word_1_94' title='bbox 456 768 496 806; x_wconf 93' lang='lat' dir='ltr'><strong>in</strong></span> <span class='ocrx_word' id='word_1_95' title='bbox 524 765 715 807; x_wconf 87' lang='lat' dir='ltr'><strong>cathedra</strong></span> <span class='ocrx_word' id='word_1_96' title='bbox 743 765 962 814; x_wconf 89' lang='lat' dir='ltr'><strong>sedentem,</strong></span> <span class='ocrx_word' id='word_1_97' title='bbox 996 777 1068 804; x_wconf 89' lang='lat' dir='ltr'><strong>nec</strong></span> <span class='ocrx_word' id='word_1_98' title='bbox 1095 777 1174 803; x_wconf 91' lang='lat' dir='ltr'><strong>una</strong></span> <span class='ocrx_word' id='word_1_99' title='bbox 1208 776 1295 803; x_wconf 90' lang='lat' dir='ltr'><strong>cum</strong></span> <span class='ocrx_word' id='word_1_100' title='bbox 1329 775 1376 802; x_wconf 92' lang='lat' dir='ltr'><strong>eo</strong></span> <span class='ocrx_word' id='word_1_101' title='bbox 1402 764 1563 802; x_wconf 85' lang='lat' dir='ltr'><strong>fratrum</strong></span> <span class='ocrx_word' id='word_1_102' title='bbox 1591 764 1680 802; x_wconf 91' lang='lat' dir='ltr'><strong>loco</strong></span> <span class='ocrx_word' id='word_1_103' title='bbox 1707 774 1851 814; x_wconf 90' lang='lat' dir='ltr'><strong>pueros</strong></span> <span class='ocrx_word' id='word_1_104' title='bbox 1878 774 1991 813; x_wconf 86' lang='lat' dir='ltr'><strong>prae·</strong></span> 
     </span>
    </p>
   </div>
   <div class='ocr_carea' id='block_1_6' title="bbox 185 826 1995 1005">
    <p class='ocr_par' dir='ltr' id='par_1_6' title="bbox 185 826 1995 1005">
     <span class='ocr_line' id='line_1_10' title="bbox 186 826 1991 879; baseline -0.004 -8"><span class='ocrx_word' id='word_1_105' title='bbox 186 834 362 871; x_wconf 85' lang='lat' dir='ltr'><strong>textatos</strong></span> <span class='ocrx_word' id='word_1_106' title='bbox 402 830 550 879; x_wconf 87' lang='lat' dir='ltr'><strong>fuisse,</strong></span> <span class='ocrx_word' id='word_1_107' title='bbox 596 828 777 868; x_wconf 84' lang='lat' dir='ltr'><strong>videntur</strong></span> <span class='ocrx_word' id='word_1_108' title='bbox 822 828 861 867; x_wconf 92' lang='lat' dir='ltr'><strong>in</strong></span> <span class='ocrx_word' id='word_1_109' title='bbox 899 829 997 867; x_wconf 87' lang='lat' dir='ltr'><strong>actis</strong></span> <span class='ocrx_word' id='word_1_110' title='bbox 1037 840 1072 867; x_wconf 89' lang='lat' dir='ltr'><strong>a.</strong></span> <span class='ocrx_word' id='word_1_111' title='bbox 1104 829 1177 866; x_wconf 82' lang='lat'><strong>241</strong></span> <span class='ocrx_word' id='word_1_112' title='bbox 1219 828 1320 866; x_wconf 87' lang='lat' dir='ltr'><strong>male</strong></span> <span class='ocrx_word' id='word_1_113' title='bbox 1358 827 1507 865; x_wconf 89' lang='lat' dir='ltr'><strong>omissa</strong></span> <span class='ocrx_word' id='word_1_114' title='bbox 1552 838 1641 865; x_wconf 88' lang='lat' dir='ltr'><strong>esse</strong></span> <span class='ocrx_word' id='word_1_115' title='bbox 1686 838 1752 875; x_wconf 86' lang='lat' dir='ltr'><strong>ea,</strong></span> <span class='ocrx_word' id='word_1_116' title='bbox 1806 837 1908 876; x_wconf 90' lang='lat' dir='ltr'><strong>quae</strong></span> <span class='ocrx_word' id='word_1_117' title='bbox 1950 826 1991 863; x_wconf 92' lang='lat' dir='ltr'><strong>in</strong></span> 
     </span>
     <span class='ocr_line' id='line_1_11' title="bbox 187 889 1995 941; baseline -0.005 -6"><span class='ocrx_word' id='word_1_118' title='bbox 187 895 288 936; x_wconf 87' lang='lat' dir='ltr'><strong>actis</strong></span> <span class='ocrx_word' id='word_1_119' title='bbox 328 907 362 934; x_wconf 88' lang='lat' dir='ltr'><strong>a.</strong></span> <span class='ocrx_word' id='word_1_120' title='bbox 389 895 465 933; x_wconf 87' lang='lat'><strong>218</strong></span> <span class='ocrx_word' id='word_1_121' title='bbox 506 893 555 931; x_wconf 91' lang='lat' dir='ltr'><strong>de</strong></span> <span class='ocrx_word' id='word_1_122' title='bbox 595 892 760 941; x_wconf 90' lang='lat' dir='ltr'><strong>collegis</strong></span> <span class='ocrx_word' id='word_1_123' title='bbox 799 896 1023 941; x_wconf 86' lang='lat' dir='ltr'><strong>narrantur,</strong></span> <span class='ocrx_word' id='word_1_124' title='bbox 1069 890 1316 930; x_wconf 82' lang='lat' dir='ltr'><strong>discubuisse</strong></span> <span class='ocrx_word' id='word_1_125' title='bbox 1357 901 1424 928; x_wconf 92' lang='lat' dir='ltr'><strong>eos</strong></span> <span class='ocrx_word' id='word_1_126' title='bbox 1460 890 1499 928; x_wconf 91' lang='lat' dir='ltr'><strong>in</strong></span> <span class='ocrx_word' id='word_1_127' title='bbox 1532 889 1809 929; x_wconf 88' lang='lat' dir='ltr'><strong>tricliniaribus</strong></span> <span class='ocrx_word' id='word_1_128' title='bbox 1836 894 1875 928; x_wconf 93' lang='lat' dir='ltr'><strong>et</strong></span> <span class='ocrx_word' id='word_1_129' title='bbox 1901 900 1995 939; x_wconf 88' lang='lat' dir='ltr'><strong>epu-</strong></span> 
     </span>
     <span class='ocr_line' id='line_1_12' title="bbox 185 953 1993 1005; baseline -0.004 -8"><span class='ocrx_word' id='word_1_130' title='bbox 185 959 289 998; x_wconf 86' lang='lat' dir='ltr'><strong>latos</strong></span> <span class='ocrx_word' id='word_1_131' title='bbox 334 969 434 997; x_wconf 87' lang='lat' dir='ltr'><strong>esse.</strong></span> <span class='ocrx_word' id='word_1_132' title='bbox 488 955 607 1005; x_wconf 80' lang='lat' dir='ltr'><strong>Quod</strong></span> <span class='ocrx_word' id='word_1_133' title='bbox 654 955 688 993; x_wconf 90' lang='lat' dir='ltr'><strong>si</strong></span> <span class='ocrx_word' id='word_1_134' title='bbox 731 966 863 994; x_wconf 91' lang='lat' dir='ltr'><strong>verum</strong></span> <span class='ocrx_word' id='word_1_135' title='bbox 914 960 992 1004; x_wconf 86' lang='lat' dir='ltr'><strong>est,</strong></span> <span class='ocrx_word' id='word_1_136' title='bbox 1034 955 1204 993; x_wconf 82' lang='lat' dir='ltr'><strong>Arvales</strong></span> <span class='ocrx_word' id='word_1_137' title='bbox 1243 954 1298 993; x_wconf 91' lang='lat' dir='ltr'><strong>ita</strong></span> <span class='ocrx_word' id='word_1_138' title='bbox 1337 954 1499 992; x_wconf 87' lang='lat' dir='ltr'><strong>alteram</strong></span> <span class='ocrx_word' id='word_1_139' title='bbox 1539 953 1641 992; x_wconf 86' lang='lat' dir='ltr'><strong>sacri</strong></span> <span class='ocrx_word' id='word_1_140' title='bbox 1685 957 1837 1004; x_wconf 89' lang='lat' dir='ltr'><strong>partem</strong></span> <span class='ocrx_word' id='word_1_141' title='bbox 1881 964 1993 1003; x_wconf 88' lang='lat' dir='ltr'><strong>pere-</strong></span> 
     </span>
    </p>
   </div>
   <div class='ocr_carea' id='block_1_7' title="bbox 3 1015 1995 1071">
    <p class='ocr_par' dir='ltr' id='par_1_7' title="bbox 3 1011 1995 1071">
     <span class='ocr_line' id='line_1_13' title="bbox 3 1015 1995 1071; baseline -0.002 -14"><span class='ocrx_word' id='word_1_142' title='bbox 3 1017 4 1020; x_wconf 72' lang='grc'>’</span> <span class='ocrx_word' id='word_1_143' title='bbox 43 1018 49 1042; x_wconf 74' lang='lat'><strong>³·</strong></span> <span class='ocrx_word' id='word_1_144' title='bbox 119 1052 125 1057; x_wconf 75' lang='grc'>,</span> <span class='ocrx_word' id='word_1_145' title='bbox 186 1025 338 1071; x_wconf 86' lang='lat' dir='ltr'><strong>gerunt,</strong></span> <span class='ocrx_word' id='word_1_146' title='bbox 364 1024 408 1059; x_wconf 91' lang='lat' dir='ltr'><strong>ut</strong></span> <span class='ocrx_word' id='word_1_147' title='bbox 433 1023 473 1058; x_wconf 92' lang='lat' dir='ltr'><strong>et</strong></span> <span class='ocrx_word' id='word_1_148' title='bbox 498 1018 686 1068; x_wconf 83' lang='lat' dir='ltr'><strong>magister</strong></span> <span class='ocrx_word' id='word_1_149' title='bbox 712 1024 753 1058; x_wconf 90' lang='lat' dir='ltr'><strong>et</strong></span> <span class='ocrx_word' id='word_1_150' title='bbox 776 1019 938 1067; x_wconf 80' lang='lat' dir='ltr'><strong>fratres,</strong></span> <span class='ocrx_word' id='word_1_151' title='bbox 975 1029 1063 1056; x_wconf 90' lang='lat' dir='ltr'><strong>cum</strong></span> <span class='ocrx_word' id='word_1_152' title='bbox 1096 1030 1120 1056; x_wconf 90' lang='lat' dir='ltr'><strong>a</strong></span> <span class='ocrx_word' id='word_1_153' title='bbox 1146 1018 1289 1057; x_wconf 91' lang='lat' dir='ltr'><strong>balneo</strong></span> <span class='ocrx_word' id='word_1_154' title='bbox 1321 1017 1529 1065; x_wconf 85' lang='lat' dir='ltr'><strong>exiissent,</strong></span> <span class='ocrx_word' id='word_1_155' title='bbox 1563 1028 1642 1054; x_wconf 90' lang='lat' dir='ltr'><strong>uua</strong></span> <span class='ocrx_word' id='word_1_156' title='bbox 1679 1015 1876 1054; x_wconf 84' lang='lat' dir='ltr'><strong>cathedris</strong></span> <span class='ocrx_word' id='word_1_157' title='bbox 1904 1026 1995 1053; x_wconf 90' lang='lat' dir='ltr'><strong>con-</strong></span> 
     </span>
    </p>
   </div>
   <div class='ocr_carea' id='block_1_8' title="bbox 184 1078 1996 1451">
    <p class='ocr_par' dir='ltr' id='par_1_8' title="bbox 184 1078 1996 1451">
     <span class='ocr_line' id='line_1_14' title="bbox 188 1078 1994 1133; baseline -0.003 -10"><span class='ocrx_word' id='word_1_158' title='bbox 188 1084 375 1133; x_wconf 89' lang='lat' dir='ltr'><strong>siderent,</strong></span> <span class='ocrx_word' id='word_1_159' title='bbox 403 1083 545 1122; x_wconf 87' lang='lat' dir='ltr'><strong>deinde</strong></span> <span class='ocrx_word' id='word_1_160' title='bbox 572 1094 666 1121; x_wconf 86' lang='lat' dir='ltr'><strong>vero</strong></span> <span class='ocrx_word' id='word_1_161' title='bbox 694 1083 873 1121; x_wconf 91' lang='lat' dir='ltr'><strong>manibus</strong></span> <span class='ocrx_word' id='word_1_162' title='bbox 900 1082 1018 1121; x_wconf 87' lang='lat' dir='ltr'><strong>lautis</strong></span> <span class='ocrx_word' id='word_1_163' title='bbox 1041 1081 1240 1119; x_wconf 86' lang='lat' dir='ltr'><strong>cenatoria</strong></span> <span class='ocrx_word' id='word_1_164' title='bbox 1259 1080 1351 1119; x_wconf 87' lang='lat' dir='ltr'><strong>alba</strong></span> <span class='ocrx_word' id='word_1_165' title='bbox 1366 1084 1562 1119; x_wconf 89' lang='lat' dir='ltr'><strong>sumerent</strong></span> <span class='ocrx_word' id='word_1_166' title='bbox 1581 1085 1620 1118; x_wconf 92' lang='lat' dir='ltr'><strong>et</strong></span> <span class='ocrx_word' id='word_1_167' title='bbox 1644 1080 1684 1118; x_wconf 87' lang='lat' dir='ltr'><strong>in</strong></span> <span class='ocrx_word' id='word_1_168' title='bbox 1712 1078 1994 1118; x_wconf 88' lang='lat' dir='ltr'><strong>tricliniaribus</strong></span> 
     </span>
     <span class='ocr_line' id='line_1_15' title="bbox 191 1142 1993 1197; baseline -0.004 -10"><span class='ocrx_word' id='word_1_169' title='bbox 191 1147 485 1188; x_wconf 83' lang='lat' dir='ltr'><strong>discumberent</strong></span> <span class='ocrx_word' id='word_1_170' title='bbox 510 1151 550 1186; x_wconf 91' lang='lat' dir='ltr'><strong>et</strong></span> <span class='ocrx_word' id='word_1_171' title='bbox 577 1146 847 1197; x_wconf 81' lang='lat' dir='ltr'><strong>epularentur,</strong></span> <span class='ocrx_word' id='word_1_172' title='bbox 884 1146 996 1197; x_wconf 85' lang='lat' dir='ltr'><strong>pueri</strong></span> <span class='ocrx_word' id='word_1_173' title='bbox 1025 1149 1154 1184; x_wconf 90' lang='lat' dir='ltr'><strong>autem</strong></span> <span class='ocrx_word' id='word_1_174' title='bbox 1179 1144 1219 1182; x_wconf 92' lang='lat' dir='ltr'><strong>in</strong></span> <span class='ocrx_word' id='word_1_175' title='bbox 1247 1143 1447 1183; x_wconf 85' lang='lat' dir='ltr'><strong>cathedris</strong></span> <span class='ocrx_word' id='word_1_176' title='bbox 1477 1143 1661 1182; x_wconf 88' lang='lat' dir='ltr'><strong>sedentes</strong></span> <span class='ocrx_word' id='word_1_177' title='bbox 1690 1147 1730 1181; x_wconf 93' lang='lat' dir='ltr'><strong>et</strong></span> <span class='ocrx_word' id='word_1_178' title='bbox 1754 1142 1832 1193; x_wconf 92' lang='lat' dir='ltr'><strong>ipsi</strong></span> <span class='ocrx_word' id='word_1_179' title='bbox 1859 1142 1993 1193; x_wconf 88' lang='lat' dir='ltr'><strong>epula-</strong></span> 
     </span>
     <span class='ocr_line' id='line_1_16' title="bbox 184 1206 1994 1259; baseline -0.004 -8"><span class='ocrx_word' id='word_1_180' title='bbox 184 1213 330 1251; x_wconf 88' lang='lat' dir='ltr'><strong>rentur.</strong></span> <span class='ocrx_word' id='word_1_181' title='bbox 375 1210 462 1259; x_wconf 86' lang='lat' dir='ltr'><strong>Quo</strong></span> <span class='ocrx_word' id='word_1_182' title='bbox 489 1210 597 1249; x_wconf 88' lang='lat' dir='ltr'><strong>facto</strong></span> <span class='ocrx_word' id='word_1_183' title='bbox 623 1221 743 1259; x_wconf 87' lang='lat' dir='ltr'><strong>supra</strong></span> <span class='ocrx_word' id='word_1_184' title='bbox 768 1209 962 1249; x_wconf 87' lang='lat' dir='ltr'><strong>toralibus</strong></span> <span class='ocrx_word' id='word_1_185' title='bbox 992 1208 1249 1259; x_wconf 85' lang='lat' dir='ltr'><strong>segmentatis</strong></span> <span class='ocrx_word' id='word_1_186' title='bbox 1278 1207 1507 1247; x_wconf 89' lang='lat' dir='ltr'><strong>sacerdotes</strong></span> <span class='ocrx_word' id='word_1_187' title='bbox 1535 1206 1817 1245; x_wconf 89' lang='lat' dir='ltr'><strong>discubuerunt</strong></span> <span class='ocrx_word' id='word_1_188' title='bbox 1842 1210 1883 1244; x_wconf 92' lang='lat' dir='ltr'><strong>et</strong></span> <span class='ocrx_word' id='word_1_189' title='bbox 1908 1210 1994 1244; x_wconf 92' lang='lat' dir='ltr'><strong>ture</strong></span> 
     </span>
     <span class='ocr_line' id='line_1_17' title="bbox 188 1270 1993 1322; baseline -0.003 -9"><span class='ocrx_word' id='word_1_190' title='bbox 188 1277 231 1314; x_wconf 89' lang='lat' dir='ltr'><strong>et</strong></span> <span class='ocrx_word' id='word_1_191' title='bbox 254 1274 346 1314; x_wconf 85' lang='lat' dir='ltr'><strong>vino</strong></span> <span class='ocrx_word' id='word_1_192' title='bbox 373 1274 561 1313; x_wconf 89' lang='lat' dir='ltr'><strong>fecerunt.</strong></span> <span class='ocrx_word' id='word_1_193' title='bbox 609 1295 660 1302; x_wconf 85' lang='lat'><strong>—-</strong></span> <span class='ocrx_word' id='word_1_194' title='bbox 702 1273 765 1312; x_wconf 91' lang='lat' dir='ltr'><strong>De</strong></span> <span class='ocrx_word' id='word_1_195' title='bbox 790 1273 933 1312; x_wconf 88' lang='lat' dir='ltr'><strong>balneo</strong></span> <span class='ocrx_word' id='word_1_196' title='bbox 962 1273 1067 1311; x_wconf 88' lang='lat' dir='ltr'><strong>circa</strong></span> <span class='ocrx_word' id='word_1_197' title='bbox 1104 1275 1286 1310; x_wconf 89' lang='lat' dir='ltr'><strong>octavam</strong></span> <span class='ocrx_word' id='word_1_198' title='bbox 1326 1282 1501 1322; x_wconf 89' lang='lat' dir='ltr'><strong>cenaque</strong></span> <span class='ocrx_word' id='word_1_199' title='bbox 1530 1271 1637 1309; x_wconf 90' lang='lat' dir='ltr'><strong>circa</strong></span> <span class='ocrx_word' id='word_1_200' title='bbox 1655 1281 1797 1309; x_wconf 88' lang='lat' dir='ltr'><strong>nonam</strong></span> <span class='ocrx_word' id='word_1_201' title='bbox 1825 1270 1993 1320; x_wconf 88' lang='lat' dir='ltr'><strong>plerum-</strong></span> 
     </span>
     <span class='ocr_line' id='line_1_18' title="bbox 188 1332 1996 1390; baseline -0.002 -14"><span class='ocrx_word' id='word_1_202' title='bbox 188 1349 263 1390; x_wconf 91' lang='lat' dir='ltr'><strong>que</strong></span> <span class='ocrx_word' id='word_1_203' title='bbox 290 1337 427 1376; x_wconf 90' lang='lat' dir='ltr'><strong>horam</strong></span> <span class='ocrx_word' id='word_1_204' title='bbox 454 1337 572 1375; x_wconf 84' lang='lat' dir='ltr'><strong>factis</strong></span> <span class='ocrx_word' id='word_1_205' title='bbox 601 1336 650 1374; x_wconf 84' lang='lat' dir='ltr'><strong>cf.</strong></span> <span class='ocrx_word' id='word_1_206' title='bbox 680 1336 918 1387; x_wconf 84' lang='lat' dir='ltr'><strong>Marquardt</strong></span> <span class='ocrx_word' id='word_1_207' title='bbox 942 1337 968 1375; x_wconf 94' lang='lat' dir='ltr'><strong>l.</strong></span> <span class='ocrx_word' id='word_1_208' title='bbox 989 1348 1021 1375; x_wconf 87' lang='lat' dir='ltr'><strong>c.</strong></span> <span class='ocrx_word' id='word_1_209' title='bbox 1044 1337 1066 1375; x_wconf 89' lang='lat'>5</span> <span class='ocrx_word' id='word_1_210' title='bbox 1096 1347 1133 1386; x_wconf 88' lang='lat' dir='ltr'><strong>p.</strong></span> <span class='ocrx_word' id='word_1_211' title='bbox 1153 1333 1226 1373; x_wconf 85' lang='grc'><strong>277</strong></span> <span class='ocrx_word' id='word_1_212' title='bbox 1245 1345 1354 1384; x_wconf 89' lang='lat' dir='ltr'><strong>seqq.</strong></span> <span class='ocrx_word' id='word_1_213' title='bbox 1383 1339 1422 1373; x_wconf 91' lang='lat' dir='ltr'><strong>et</strong></span> <span class='ocrx_word' id='word_1_214' title='bbox 1449 1336 1535 1373; x_wconf 87' lang='lat'><strong>305.</strong></span> <span class='ocrx_word' id='word_1_215' title='bbox 1591 1333 1799 1373; x_wconf 87' lang='lat' dir='ltr'><strong>Cenabant</strong></span> <span class='ocrx_word' id='word_1_216' title='bbox 1824 1332 1996 1372; x_wconf 88' lang='lat' dir='ltr'><strong>Romani</strong></span> 
     </span>
     <span class='ocr_line' id='line_1_19' title="bbox 185 1395 1992 1451; baseline -0.003 -11"><span class='ocrx_word' id='word_1_217' title='bbox 185 1413 265 1440; x_wconf 91' lang='lat' dir='ltr'><strong>non</strong></span> <span class='ocrx_word' id='word_1_218' title='bbox 290 1401 440 1451; x_wconf 87' lang='lat' dir='ltr'><strong>togati,</strong></span> <span class='ocrx_word' id='word_1_219' title='bbox 468 1400 538 1439; x_wconf 90' lang='lat' dir='ltr'><strong>sed</strong></span> <span class='ocrx_word' id='word_1_220' title='bbox 579 1399 710 1438; x_wconf 82' lang='lat' dir='ltr'><strong>amicti</strong></span> <span class='ocrx_word' id='word_1_221' title='bbox 736 1399 1002 1449; x_wconf 84' lang='lat' dir='ltr'><strong>peculiaribus</strong></span> <span class='ocrx_word' id='word_1_222' title='bbox 1031 1398 1205 1438; x_wconf 88' lang='lat' dir='ltr'><strong>vestibus</strong></span> <span class='ocrx_word' id='word_1_223' title='bbox 1236 1397 1446 1437; x_wconf 87' lang='lat' dir='ltr'><strong>cenatoriis</strong></span> <span class='ocrx_word' id='word_1_224' title='bbox 1474 1397 1540 1448; x_wconf 88' lang='lat' dir='ltr'><strong>(cf.</strong></span> <span class='ocrx_word' id='word_1_225' title='bbox 1568 1397 1738 1436; x_wconf 88' lang='lat' dir='ltr'><strong>Martial.</strong></span> <span class='ocrx_word' id='word_1_226' title='bbox 1769 1398 1828 1446; x_wconf 87' lang='grc'><strong>10,</strong></span> <span class='ocrx_word' id='word_1_227' title='bbox 1848 1395 1909 1446; x_wconf 93' lang='grc'><strong>87,</strong></span> <span class='ocrx_word' id='word_1_228' title='bbox 1934 1398 1992 1436; x_wconf 89' lang='grc'><strong>12.</strong></span> 
     </span>
    </p>
   </div>
   <div class='ocr_carea' id='block_1_9' title="bbox 114 1460 1996 1513">
    <p class='ocr_par' dir='ltr' id='par_1_9' title="bbox 51 1439 1996 1513">
     <span class='ocr_line' id='line_1_20' title="bbox 114 1460 1996 1513; baseline -0.002 -10.13"><span class='ocrx_word' id='word_1_229' title='bbox 114 1478 117 1479; x_wconf 62' lang='grc'>’</span> <span class='ocrx_word' id='word_1_230' title='bbox 188 1465 249 1513; x_wconf 83' lang='grc'><strong>14,</strong></span> <span class='ocrx_word' id='word_1_231' title='bbox 278 1465 372 1512; x_wconf 87' lang='grc'><strong>135;</strong></span> <span class='ocrx_word' id='word_1_232' title='bbox 402 1462 580 1513; x_wconf 84' lang='lat' dir='ltr'><strong>Capitol.</strong></span> <span class='ocrx_word' id='word_1_233' title='bbox 607 1464 763 1501; x_wconf 63' lang='lat' dir='ltr'><strong>Mamm.</strong></span> <span class='ocrx_word' id='word_1_234' title='bbox 790 1466 864 1500; x_wconf 76' lang='lat' dir='ltr'><strong>iun.</strong></span> <span class='ocrx_word' id='word_1_235' title='bbox 891 1463 931 1512; x_wconf 84' lang='lat'><strong>4)</strong></span> <span class='ocrx_word' id='word_1_236' title='bbox 959 1462 1041 1501; x_wconf 87' lang='lat' dir='ltr'><strong>sive</strong></span> <span class='ocrx_word' id='word_1_237' title='bbox 1070 1462 1343 1512; x_wconf 85' lang='lat' dir='ltr'><strong>synthesibus,</strong></span> <span class='ocrx_word' id='word_1_238' title='bbox 1378 1461 1482 1500; x_wconf 88' lang='lat' dir='ltr'><strong>unde</strong></span> <span class='ocrx_word' id='word_1_239' title='bbox 1509 1462 1678 1501; x_wconf 79' lang='lat' dir='ltr'><strong>Arvales</strong></span> <span class='ocrx_word' id='word_1_240' title='bbox 1707 1460 1889 1499; x_wconf 88' lang='lat' dir='ltr'><strong>dicuntur</strong></span> <span class='ocrx_word' id='word_1_241' title='bbox 1916 1473 1996 1499; x_wconf 84' lang='lat' dir='ltr'><strong>cum</strong></span> 
     </span>
    </p>
   </div>
   <div class='ocr_carea' id='block_1_10' title="bbox 182 1523 1995 2526">
    <p class='ocr_par' dir='ltr' id='par_1_10' title="bbox 182 1523 1995 2526">
     <span class='ocr_line' id='line_1_21' title="bbox 184 1523 1994 1578; baseline -0.002 -14"><span class='ocrx_word' id='word_1_242' title='bbox 184 1526 402 1578; x_wconf 64' lang='lat' dir='ltr'><strong>synmesibus</strong></span> <span class='ocrx_word' id='word_1_243' title='bbox 435 1526 585 1576; x_wconf 87' lang='lat' dir='ltr'><strong>epulati</strong></span> <span class='ocrx_word' id='word_1_244' title='bbox 620 1537 709 1564; x_wconf 90' lang='lat' dir='ltr'><strong>esse</strong></span> <span class='ocrx_word' id='word_1_245' title='bbox 746 1526 855 1575; x_wconf 86' lang='lat' dir='ltr'><strong>(acta</strong></span> <span class='ocrx_word' id='word_1_246' title='bbox 891 1537 927 1564; x_wconf 89' lang='lat' dir='ltr'><strong>a.</strong></span> <span class='ocrx_word' id='word_1_247' title='bbox 947 1526 1015 1573; x_wconf 78' lang='lat'><strong>913</strong></span> <span class='ocrx_word' id='word_1_248' title='bbox 1052 1525 1100 1563; x_wconf 84' lang='lat' dir='ltr'><strong>cf.</strong></span> <span class='ocrx_word' id='word_1_249' title='bbox 1134 1530 1227 1564; x_wconf 86' lang='lat' dir='ltr'><strong>acta</strong></span> <span class='ocrx_word' id='word_1_250' title='bbox 1266 1525 1342 1564; x_wconf 92' lang='lat' dir='ltr'><strong>diei</strong></span> <span class='ocrx_word' id='word_1_251' title='bbox 1370 1525 1533 1564; x_wconf 88' lang='lat' dir='ltr'><strong>secundi</strong></span> <span class='ocrx_word' id='word_1_252' title='bbox 1560 1529 1598 1563; x_wconf 88' lang='lat' dir='ltr'><strong>et</strong></span> <span class='ocrx_word' id='word_1_253' title='bbox 1625 1524 1783 1563; x_wconf 89' lang='lat' dir='ltr'><strong>Becker</strong></span> <span class='ocrx_word' id='word_1_254' title='bbox 1812 1523 1945 1562; x_wconf 71' lang='lat' dir='ltr'><strong>Gallus</strong></span> <span class='ocrx_word' id='word_1_255' title='bbox 1971 1525 1994 1562; x_wconf 89' lang='lat'><strong>3</strong></span> 
     </span>
     <span class='ocr_line' id='line_1_22' title="bbox 182 1587 1995 1640; baseline -0.002 -12"><span class='ocrx_word' id='word_1_256' title='bbox 182 1601 222 1640; x_wconf 90' lang='lat' dir='ltr'><strong>p.</strong></span> <span class='ocrx_word' id='word_1_257' title='bbox 245 1589 320 1628; x_wconf 86' lang='lat'><strong>124</strong></span> <span class='ocrx_word' id='word_1_258' title='bbox 335 1600 444 1640; x_wconf 86' lang='lat' dir='ltr'><strong>seqq.</strong></span> <span class='ocrx_word' id='word_1_259' title='bbox 473 1589 591 1637; x_wconf 83' lang='lat' dir='ltr'><strong>ed.2;</strong></span> <span class='ocrx_word' id='word_1_260' title='bbox 628 1587 869 1639; x_wconf 82' lang='lat' dir='ltr'><strong>Marquardt</strong></span> <span class='ocrx_word' id='word_1_261' title='bbox 894 1588 919 1626; x_wconf 92' lang='lat' dir='ltr'><strong>l.</strong></span> <span class='ocrx_word' id='word_1_262' title='bbox 943 1600 975 1626; x_wconf 89' lang='lat' dir='ltr'><strong>c.</strong></span> <span class='ocrx_word' id='word_1_263' title='bbox 997 1589 1068 1637; x_wconf 85' lang='lat'><strong>5,1</strong></span> <span class='ocrx_word' id='word_1_264' title='bbox 1098 1600 1137 1638; x_wconf 88' lang='lat' dir='ltr'><strong>p.</strong></span> <span class='ocrx_word' id='word_1_265' title='bbox 1159 1590 1252 1637; x_wconf 85' lang='lat'><strong>331;</strong></span> <span class='ocrx_word' id='word_1_266' title='bbox 1280 1590 1304 1627; x_wconf 83' lang='lat'>2</span> <span class='ocrx_word' id='word_1_267' title='bbox 1332 1602 1370 1639; x_wconf 91' lang='lat' dir='ltr'><strong>p.</strong></span> <span class='ocrx_word' id='word_1_268' title='bbox 1393 1588 1500 1638; x_wconf 90' lang='grc'><strong>176).</strong></span> <span class='ocrx_word' id='word_1_269' title='bbox 1554 1587 1776 1627; x_wconf 87' lang='lat' dir='ltr'><strong>Cenatoriis</strong></span> <span class='ocrx_word' id='word_1_270' title='bbox 1812 1587 1914 1626; x_wconf 91' lang='lat' dir='ltr'><strong>albis</strong></span> <span class='ocrx_word' id='word_1_271' title='bbox 1941 1587 1995 1626; x_wconf 84' lang='lat' dir='ltr'><strong>vi·</strong></span> 
     </span>
     <span class='ocr_line' id='line_1_23' title="bbox 185 1651 1995 1702; baseline -0.001 -11"><span class='ocrx_word' id='word_1_272' title='bbox 185 1651 326 1691; x_wconf 90' lang='lat' dir='ltr'><strong>dentur</strong></span> <span class='ocrx_word' id='word_1_273' title='bbox 349 1652 411 1691; x_wconf 90' lang='lat' dir='ltr'><strong>usi</strong></span> <span class='ocrx_word' id='word_1_274' title='bbox 438 1664 526 1692; x_wconf 90' lang='lat' dir='ltr'><strong>esse</strong></span> <span class='ocrx_word' id='word_1_275' title='bbox 560 1652 730 1692; x_wconf 87' lang='lat' dir='ltr'><strong>Arvales</strong></span> <span class='ocrx_word' id='word_1_276' title='bbox 766 1657 811 1690; x_wconf 91' lang='lat' dir='ltr'><strong>ut</strong></span> <span class='ocrx_word' id='word_1_277' title='bbox 844 1651 1096 1701; x_wconf 86' lang='lat' dir='ltr'><strong>sacerdotes,</strong></span> <span class='ocrx_word' id='word_1_278' title='bbox 1131 1663 1255 1702; x_wconf 90' lang='lat' dir='ltr'><strong>eaque</strong></span> <span class='ocrx_word' id='word_1_279' title='bbox 1288 1652 1407 1691; x_wconf 90' lang='lat' dir='ltr'><strong>lautis</strong></span> <span class='ocrx_word' id='word_1_280' title='bbox 1442 1652 1623 1691; x_wconf 87' lang='lat' dir='ltr'><strong>manibus</strong></span> <span class='ocrx_word' id='word_1_281' title='bbox 1660 1655 1910 1702; x_wconf 89' lang='lat' dir='ltr'><strong>sumpserunt</strong></span> <span class='ocrx_word' id='word_1_282' title='bbox 1946 1662 1995 1689; x_wconf 85' lang='lat' dir='ltr'><strong>ex</strong></span> 
     </span>
     <span class='ocr_line' id='line_1_24' title="bbox 183 1714 1995 1766; baseline -0.001 -12"><span class='ocrx_word' id='word_1_283' title='bbox 183 1725 310 1765; x_wconf 88' lang='lat' dir='ltr'><strong>more,</strong></span> <span class='ocrx_word' id='word_1_284' title='bbox 337 1727 414 1766; x_wconf 91' lang='lat' dir='ltr'><strong>quo</strong></span> <span class='ocrx_word' id='word_1_285' title='bbox 440 1715 764 1755; x_wconf 89' lang='lat' dir='ltr'><strong>accumbentibus</strong></span> <span class='ocrx_word' id='word_1_286' title='bbox 799 1726 904 1765; x_wconf 90' lang='lat' dir='ltr'><strong>aqua</strong></span> <span class='ocrx_word' id='word_1_287' title='bbox 930 1714 983 1754; x_wconf 88' lang='lat' dir='ltr'><strong>ad</strong></span> <span class='ocrx_word' id='word_1_288' title='bbox 1009 1727 1147 1754; x_wconf 90' lang='lat' dir='ltr'><strong>manus</strong></span> <span class='ocrx_word' id='word_1_289' title='bbox 1182 1715 1375 1755; x_wconf 85' lang='lat' dir='ltr'><strong>lavandas</strong></span> <span class='ocrx_word' id='word_1_290' title='bbox 1404 1716 1558 1754; x_wconf 88' lang='lat' dir='ltr'><strong>solebat</strong></span> <span class='ocrx_word' id='word_1_291' title='bbox 1591 1715 1772 1765; x_wconf 88' lang='lat' dir='ltr'><strong>praeberi</strong></span> <span class='ocrx_word' id='word_1_292' title='bbox 1800 1714 1865 1765; x_wconf 86' lang='lat' dir='ltr'><strong>(cf.</strong></span> <span class='ocrx_word' id='word_1_293' title='bbox 1892 1715 1995 1753; x_wconf 89' lang='lat' dir='ltr'><strong>Mar-</strong></span> 
     </span>
     <span class='ocr_line' id='line_1_25' title="bbox 183 1777 1994 1830; baseline -0.001 -13"><span class='ocrx_word' id='word_1_294' title='bbox 183 1778 330 1830; x_wconf 87' lang='lat' dir='ltr'><strong>quardt</strong></span> <span class='ocrx_word' id='word_1_295' title='bbox 354 1779 380 1818; x_wconf 94' lang='lat' dir='ltr'><strong>l.</strong></span> <span class='ocrx_word' id='word_1_296' title='bbox 400 1790 433 1818; x_wconf 91' lang='lat' dir='ltr'><strong>c.</strong></span> <span class='ocrx_word' id='word_1_297' title='bbox 453 1780 490 1827; x_wconf 87' lang='lat'><strong>5,</strong></span> <span class='ocrx_word' id='word_1_298' title='bbox 509 1780 527 1817; x_wconf 95' lang='lat'><strong>1</strong></span> <span class='ocrx_word' id='word_1_299' title='bbox 555 1791 591 1829; x_wconf 90' lang='lat' dir='ltr'><strong>p.</strong></span> <span class='ocrx_word' id='word_1_300' title='bbox 610 1778 713 1827; x_wconf 90' lang='lat'><strong>331).</strong></span> <span class='ocrx_word' id='word_1_301' title='bbox 765 1777 1062 1817; x_wconf 87' lang='lat' dir='ltr'><strong>Discubuerunt</strong></span> <span class='ocrx_word' id='word_1_302' title='bbox 1100 1779 1140 1816; x_wconf 92' lang='lat' dir='ltr'><strong>iu</strong></span> <span class='ocrx_word' id='word_1_303' title='bbox 1178 1778 1474 1828; x_wconf 82' lang='lat' dir='ltr'><strong>tricliniaribus,</strong></span> <span class='ocrx_word' id='word_1_304' title='bbox 1515 1790 1615 1829; x_wconf 89' lang='lat' dir='ltr'><strong>quae</strong></span> <span class='ocrx_word' id='word_1_305' title='bbox 1648 1790 1721 1828; x_wconf 91' lang='lat' dir='ltr'><strong>pro</strong></span> <span class='ocrx_word' id='word_1_306' title='bbox 1756 1778 1994 1827; x_wconf 88' lang='lat' dir='ltr'><strong>tegumentis</strong></span> 
     </span>
     <span class='ocr_line' id='line_1_26' title="bbox 182 1840 1994 1892; baseline -0.002 -10"><span class='ocrx_word' id='word_1_307' title='bbox 182 1843 371 1882; x_wconf 89' lang='lat' dir='ltr'><strong>lectorum</strong></span> <span class='ocrx_word' id='word_1_308' title='bbox 397 1841 584 1882; x_wconf 87' lang='lat' dir='ltr'><strong>habenda</strong></span> <span class='ocrx_word' id='word_1_309' title='bbox 604 1853 691 1880; x_wconf 89' lang='lat' dir='ltr'><strong>esse</strong></span> <span class='ocrx_word' id='word_1_310' title='bbox 720 1845 760 1880; x_wconf 90' lang='lat' dir='ltr'><strong>et</strong></span> <span class='ocrx_word' id='word_1_311' title='bbox 778 1840 932 1880; x_wconf 89' lang='lat' dir='ltr'><strong>Plinius</strong></span> <span class='ocrx_word' id='word_1_312' title='bbox 963 1842 1014 1890; x_wconf 81' lang='lat' dir='ltr'><strong>(n.</strong></span> <span class='ocrx_word' id='word_1_313' title='bbox 1033 1841 1065 1879; x_wconf 75' lang='lat' dir='ltr'><strong>h.</strong></span> <span class='ocrx_word' id='word_1_314' title='bbox 1086 1842 1123 1889; x_wconf 87' lang='grc'><strong>8,</strong></span> <span class='ocrx_word' id='word_1_315' title='bbox 1140 1842 1231 1890; x_wconf 88' lang='grc'><strong>196;</strong></span> <span class='ocrx_word' id='word_1_316' title='bbox 1261 1843 1298 1891; x_wconf 85' lang='grc'><strong>9,</strong></span> <span class='ocrx_word' id='word_1_317' title='bbox 1319 1841 1410 1891; x_wconf 79' lang='lat'><strong>1373</strong></span> <span class='ocrx_word' id='word_1_318' title='bbox 1438 1842 1487 1880; x_wconf 89' lang='lat' dir='ltr'><strong>cf.</strong></span> <span class='ocrx_word' id='word_1_319' title='bbox 1510 1841 1656 1880; x_wconf 90' lang='lat' dir='ltr'><strong>Marini</strong></span> <span class='ocrx_word' id='word_1_320' title='bbox 1682 1853 1720 1892; x_wconf 88' lang='lat' dir='ltr'><strong>p.</strong></span> <span class='ocrx_word' id='word_1_321' title='bbox 1742 1841 1834 1890; x_wconf 86' lang='lat'><strong>535)</strong></span> <span class='ocrx_word' id='word_1_322' title='bbox 1863 1845 1994 1880; x_wconf 90' lang='lat' dir='ltr'><strong>osten-</strong></span> 
     </span>
     <span class='ocr_line' id='line_1_27' title="bbox 184 1903 1994 1955; baseline -0.001 -11"><span class='ocrx_word' id='word_1_323' title='bbox 184 1905 244 1945; x_wconf 85' lang='lat' dir='ltr'><strong>dit</strong></span> <span class='ocrx_word' id='word_1_324' title='bbox 269 1910 310 1946; x_wconf 90' lang='lat' dir='ltr'><strong>et</strong></span> <span class='ocrx_word' id='word_1_325' title='bbox 335 1905 566 1945; x_wconf 90' lang='lat' dir='ltr'><strong>confirmant</strong></span> <span class='ocrx_word' id='word_1_326' title='bbox 593 1916 694 1955; x_wconf 88' lang='lat' dir='ltr'><strong>quae</strong></span> <span class='ocrx_word' id='word_1_327' title='bbox 719 1905 854 1955; x_wconf 93' lang='lat' dir='ltr'><strong>paullo</strong></span> <span class='ocrx_word' id='word_1_328' title='bbox 880 1907 976 1955; x_wconf 88' lang='lat' dir='ltr'><strong>post</strong></span> <span class='ocrx_word' id='word_1_329' title='bbox 1004 1909 1352 1944; x_wconf 87' lang='lat' dir='ltr'><strong>commemorantur</strong></span> <span class='ocrx_word' id='word_1_330' title='bbox 1377 1906 1519 1945; x_wconf 87' lang='lat' dir='ltr'><strong>toralia</strong></span> <span class='ocrx_word' id='word_1_331' title='bbox 1554 1909 1812 1955; x_wconf 84' lang='lat' dir='ltr'><strong>segmentata.</strong></span> <span class='ocrx_word' id='word_1_332' title='bbox 1854 1903 1994 1944; x_wconf 88' lang='lat' dir='ltr'><strong>Sacer-</strong></span> 
     </span>
     <span class='ocr_line' id='line_1_28' title="bbox 184 1967 1994 2019; baseline -0.001 -11"><span class='ocrx_word' id='word_1_333' title='bbox 184 1967 298 2008; x_wconf 83' lang='lat' dir='ltr'><strong>dotes</strong></span> <span class='ocrx_word' id='word_1_334' title='bbox 337 1974 468 2008; x_wconf 83' lang='lat' dir='ltr'><strong>autem</strong></span> <span class='ocrx_word' id='word_1_335' title='bbox 504 1968 594 2006; x_wconf 90' lang='lat' dir='ltr'><strong>dum</strong></span> <span class='ocrx_word' id='word_1_336' title='bbox 620 1968 661 2006; x_wconf 90' lang='lat' dir='ltr'><strong>in</strong></span> <span class='ocrx_word' id='word_1_337' title='bbox 687 1967 801 2007; x_wconf 89' lang='lat' dir='ltr'><strong>lectis</strong></span> <span class='ocrx_word' id='word_1_338' title='bbox 830 1967 1099 2017; x_wconf 88' lang='lat' dir='ltr'><strong>discumbunt,</strong></span> <span class='ocrx_word' id='word_1_339' title='bbox 1134 1969 1245 2019; x_wconf 87' lang='lat' dir='ltr'><strong>pueri</strong></span> <span class='ocrx_word' id='word_1_340' title='bbox 1274 1969 1315 2007; x_wconf 91' lang='lat' dir='ltr'><strong>in</strong></span> <span class='ocrx_word' id='word_1_341' title='bbox 1351 1968 1549 2007; x_wconf 84' lang='lat' dir='ltr'><strong>cathedris</strong></span> <span class='ocrx_word' id='word_1_342' title='bbox 1593 1971 1633 2007; x_wconf 84' lang='lat' dir='ltr'><strong>et</strong></span> <span class='ocrx_word' id='word_1_343' title='bbox 1670 1969 1747 2019; x_wconf 91' lang='lat' dir='ltr'><strong>ipsi</strong></span> <span class='ocrx_word' id='word_1_344' title='bbox 1787 1968 1994 2018; x_wconf 87' lang='lat' dir='ltr'><strong>epulantes</strong></span> 
     </span>
     <span class='ocr_line' id='line_1_29' title="bbox 184 2031 1993 2083; baseline -0.001 -11"><span class='ocrx_word' id='word_1_345' title='bbox 184 2031 462 2072; x_wconf 86' lang='lat' dir='ltr'><strong>consederunt.</strong></span> <span class='ocrx_word' id='word_1_346' title='bbox 517 2031 582 2070; x_wconf 92' lang='lat' dir='ltr'><strong>Ibi</strong></span> <span class='ocrx_word' id='word_1_347' title='bbox 611 2035 803 2070; x_wconf 89' lang='lat' dir='ltr'><strong>vetustam</strong></span> <span class='ocrx_word' id='word_1_348' title='bbox 833 2031 1167 2082; x_wconf 89' lang='lat' dir='ltr'><strong>consuetudinem,</strong></span> <span class='ocrx_word' id='word_1_349' title='bbox 1196 2044 1274 2082; x_wconf 87' lang='lat' dir='ltr'><strong>qua</strong></span> <span class='ocrx_word' id='word_1_350' title='bbox 1293 2032 1545 2072; x_wconf 87' lang='lat' dir='ltr'><strong>filiifamilias</strong></span> <span class='ocrx_word' id='word_1_351' title='bbox 1564 2037 1698 2083; x_wconf 87' lang='lat' dir='ltr'><strong>patres</strong></span> <span class='ocrx_word' id='word_1_352' title='bbox 1716 2032 1856 2071; x_wconf 89' lang='lat' dir='ltr'><strong>tamin</strong></span> <span class='ocrx_word' id='word_1_353' title='bbox 1883 2043 1993 2071; x_wconf 88' lang='lat' dir='ltr'><strong>sena-</strong></span> 
     </span>
     <span class='ocr_line' id='line_1_30' title="bbox 182 2094 1994 2146; baseline -0.001 -12"><span class='ocrx_word' id='word_1_354' title='bbox 182 2099 267 2134; x_wconf 90' lang='lat' dir='ltr'><strong>tum</strong></span> <span class='ocrx_word' id='word_1_355' title='bbox 293 2107 411 2146; x_wconf 90' lang='lat' dir='ltr'><strong>quam</strong></span> <span class='ocrx_word' id='word_1_356' title='bbox 429 2094 483 2135; x_wconf 90' lang='lat' dir='ltr'><strong>ad</strong></span> <span class='ocrx_word' id='word_1_357' title='bbox 502 2094 719 2134; x_wconf 88' lang='lat' dir='ltr'><strong>convivium</strong></span> <span class='ocrx_word' id='word_1_358' title='bbox 746 2095 1046 2144; x_wconf 85' lang='lat' dir='ltr'><strong>comitabantur,</strong></span> <span class='ocrx_word' id='word_1_359' title='bbox 1071 2095 1110 2133; x_wconf 91' lang='lat' dir='ltr'><strong>in</strong></span> <span class='ocrx_word' id='word_1_360' title='bbox 1127 2107 1204 2145; x_wconf 91' lang='lat' dir='ltr'><strong>quo</strong></span> <span class='ocrx_word' id='word_1_361' title='bbox 1221 2096 1542 2135; x_wconf 87' lang='lat' dir='ltr'><strong>accumbentibus</strong></span> <span class='ocrx_word' id='word_1_362' title='bbox 1558 2096 1618 2134; x_wconf 88' lang='lat' dir='ltr'><strong>his</strong></span> <span class='ocrx_word' id='word_1_363' title='bbox 1634 2095 1710 2146; x_wconf 91' lang='lat' dir='ltr'><strong>ipsi</strong></span> <span class='ocrx_word' id='word_1_364' title='bbox 1728 2096 1767 2134; x_wconf 91' lang='lat' dir='ltr'><strong>in</strong></span> <span class='ocrx_word' id='word_1_365' title='bbox 1795 2094 1994 2134; x_wconf 88' lang='lat' dir='ltr'><strong>cathedris</strong></span> 
     </span>
     <span class='ocr_line' id='line_1_31' title="bbox 184 2157 1995 2209; baseline -0.001 -12"><span class='ocrx_word' id='word_1_366' title='bbox 184 2158 433 2209; x_wconf 84' lang='lat' dir='ltr'><strong>adsidebant,</strong></span> <span class='ocrx_word' id='word_1_367' title='bbox 474 2159 636 2208; x_wconf 87' lang='lat' dir='ltr'><strong>agnovit</strong></span> <span class='ocrx_word' id='word_1_368' title='bbox 660 2158 808 2208; x_wconf 90' lang='lat' dir='ltr'><strong>primus</strong></span> <span class='ocrx_word' id='word_1_369' title='bbox 836 2158 1097 2197; x_wconf 89' lang='lat' dir='ltr'><strong>Mommsenus</strong></span> <span class='ocrx_word' id='word_1_370' title='bbox 1127 2158 1366 2209; x_wconf 71' lang='lat' dir='ltr'><strong>(Grenzboten</strong></span> <span class='ocrx_word' id='word_1_371' title='bbox 1396 2157 1506 2208; x_wconf 84' lang='grc'><strong>1870,</strong></span> <span class='ocrx_word' id='word_1_372' title='bbox 1528 2161 1546 2197; x_wconf 94' lang='grc'><strong>1</strong></span> <span class='ocrx_word' id='word_1_373' title='bbox 1576 2171 1614 2209; x_wconf 89' lang='lat' dir='ltr'><strong>p.</strong></span> <span class='ocrx_word' id='word_1_374' title='bbox 1639 2158 1739 2208; x_wconf 85' lang='grc'><strong>172).</strong></span> <span class='ocrx_word' id='word_1_375' title='bbox 1783 2159 1872 2197; x_wconf 73' lang='lat' dir='ltr'><strong>Mos</strong></span> <span class='ocrx_word' id='word_1_376' title='bbox 1889 2159 1995 2196; x_wconf 77' lang='lat' dir='ltr'><strong>habe-</strong></span> 
     </span>
     <span class='ocr_line' id='line_1_32' title="bbox 185 2216 1995 2272; baseline 0 -12"><span class='ocrx_word' id='word_1_377' title='bbox 185 2222 313 2269; x_wconf 79' lang='lat' dir='ltr'><strong>batur,</strong></span> <span class='ocrx_word' id='word_1_378' title='bbox 346 2216 475 2272; x_wconf 86' lang='lat' dir='ltr'><strong>inquit</strong></span> <span class='ocrx_word' id='word_1_379' title='bbox 511 2220 674 2260; x_wconf 79' lang='lat' dir='ltr'><strong>Tacitus</strong></span> <span class='ocrx_word' id='word_1_380' title='bbox 711 2229 811 2266; x_wconf 80' lang='lat' dir='ltr'><strong>(ann.</strong></span> <span class='ocrx_word' id='word_1_381' title='bbox 835 2222 894 2270; x_wconf 89' lang='grc'><strong>13,</strong></span> <span class='ocrx_word' id='word_1_382' title='bbox 912 2220 996 2272; x_wconf 92' lang='grc'><strong>16),</strong></span> <span class='ocrx_word' id='word_1_383' title='bbox 1031 2225 1244 2272; x_wconf 72' lang='lat' dir='ltr'><strong>principum</strong></span> <span class='ocrx_word' id='word_1_384' title='bbox 1283 2224 1414 2261; x_wconf 80' lang='lat' dir='ltr'><strong>liberos</strong></span> <span class='ocrx_word' id='word_1_385' title='bbox 1456 2236 1535 2261; x_wconf 86' lang='lat' dir='ltr'><strong>cum</strong></span> <span class='ocrx_word' id='word_1_386' title='bbox 1576 2225 1699 2261; x_wconf 77' lang='lat' dir='ltr'><strong>ceteris</strong></span> <span class='ocrx_word' id='word_1_387' title='bbox 1739 2225 1834 2261; x_wconf 80' lang='lat' dir='ltr'><strong>idem</strong></span> <span class='ocrx_word' id='word_1_388' title='bbox 1869 2226 1995 2261; x_wconf 75' lang='lat' dir='ltr'><strong>aetatis</strong></span> 
     </span>
     <span class='ocr_line' id='line_1_33' title="bbox 183 2285 1995 2337; baseline 0 -13"><span class='ocrx_word' id='word_1_389' title='bbox 183 2285 364 2324; x_wconf 76' lang='lat' dir='ltr'><strong>nobilibus</strong></span> <span class='ocrx_word' id='word_1_390' title='bbox 402 2285 558 2323; x_wconf 74' lang='lat' dir='ltr'><strong>sedentes</strong></span> <span class='ocrx_word' id='word_1_391' title='bbox 591 2286 684 2322; x_wconf 77' lang='lat' dir='ltr'><strong>vesci</strong></span> <span class='ocrx_word' id='word_1_392' title='bbox 716 2287 756 2321; x_wconf 75' lang='lat' dir='ltr'><strong>in</strong></span> <span class='ocrx_word' id='word_1_393' title='bbox 781 2291 930 2334; x_wconf 67' lang='lat' dir='ltr'><strong>aspectu</strong></span> <span class='ocrx_word' id='word_1_394' title='bbox 967 2288 1262 2335; x_wconf 75' lang='lat' dir='ltr'><strong>propinquorum</strong></span> <span class='ocrx_word' id='word_1_395' title='bbox 1296 2290 1458 2337; x_wconf 79' lang='lat' dir='ltr'><strong>propria</strong></span> <span class='ocrx_word' id='word_1_396' title='bbox 1499 2293 1528 2323; x_wconf 77' lang='lat' dir='ltr'><strong>et</strong></span> <span class='ocrx_word' id='word_1_397' title='bbox 1562 2289 1738 2336; x_wconf 77' lang='lat' dir='ltr'><strong>parciore</strong></span> <span class='ocrx_word' id='word_1_398' title='bbox 1769 2298 1910 2332; x_wconf 80' lang='lat' dir='ltr'><strong>mensa,</strong></span> <span class='ocrx_word' id='word_1_399' title='bbox 1955 2290 1995 2324; x_wconf 89' lang='lat' dir='ltr'><strong>et</strong></span> 
     </span>
     <span class='ocr_line' id='line_1_34' title="bbox 186 2345 1995 2400; baseline 0 -14"><span class='ocrx_word' id='word_1_400' title='bbox 186 2345 398 2387; x_wconf 85' lang='lat' dir='ltr'><strong>Suetonius</strong></span> <span class='ocrx_word' id='word_1_401' title='bbox 429 2347 578 2393; x_wconf 82' lang='lat' dir='ltr'><strong>(Claud.</strong></span> <span class='ocrx_word' id='word_1_402' title='bbox 598 2346 684 2397; x_wconf 85' lang='lat'><strong>32).·</strong></span> <span class='ocrx_word' id='word_1_403' title='bbox 711 2347 902 2386; x_wconf 77' lang='lat' dir='ltr'><strong>adhibebat</strong></span> <span class='ocrx_word' id='word_1_404' title='bbox 932 2351 1028 2386; x_wconf 76' lang='lat' dir='ltr'><strong>omni</strong></span> <span class='ocrx_word' id='word_1_405' title='bbox 1060 2361 1168 2387; x_wconf 83' lang='lat' dir='ltr'><strong>cenae</strong></span> <span class='ocrx_word' id='word_1_406' title='bbox 1199 2356 1230 2387; x_wconf 76' lang='lat' dir='ltr'><strong>et</strong></span> <span class='ocrx_word' id='word_1_407' title='bbox 1263 2350 1393 2388; x_wconf 72' lang='lat' dir='ltr'><strong>liberos</strong></span> <span class='ocrx_word' id='word_1_408' title='bbox 1425 2363 1508 2388; x_wconf 77' lang='lat' dir='ltr'><strong>suos</strong></span> <span class='ocrx_word' id='word_1_409' title='bbox 1535 2363 1615 2388; x_wconf 84' lang='lat' dir='ltr'><strong>eum</strong></span> <span class='ocrx_word' id='word_1_410' title='bbox 1636 2352 1765 2400; x_wconf 74' lang='lat' dir='ltr'><strong>pueris</strong></span> <span class='ocrx_word' id='word_1_411' title='bbox 1794 2350 1995 2399; x_wconf 78' lang='lat' dir='ltr'><strong>puellisque</strong></span> 
     </span>
     <span class='ocr_line' id='line_1_35' title="bbox 182 2411 1994 2463; baseline 0.001 -14"><span class='ocrx_word' id='word_1_412' title='bbox 182 2411 382 2458; x_wconf 65' lang='lat' dir='ltr'><strong>nobilibus,</strong></span> <span class='ocrx_word' id='word_1_413' title='bbox 421 2413 484 2461; x_wconf 79' lang='lat' dir='ltr'><strong>qui</strong></span> <span class='ocrx_word' id='word_1_414' title='bbox 508 2424 609 2449; x_wconf 89' lang='lat' dir='ltr'><strong>more</strong></span> <span class='ocrx_word' id='word_1_415' title='bbox 641 2414 751 2449; x_wconf 74' lang='lat' dir='ltr'><strong>veteri</strong></span> <span class='ocrx_word' id='word_1_416' title='bbox 787 2412 839 2448; x_wconf 86' lang='lat' dir='ltr'><strong>ad</strong></span> <span class='ocrx_word' id='word_1_417' title='bbox 863 2412 995 2460; x_wconf 76' lang='lat' dir='ltr'><strong>fulcra</strong></span> <span class='ocrx_word' id='word_1_418' title='bbox 1029 2413 1201 2450; x_wconf 69' lang='lat' dir='ltr'><strong>lectorum</strong></span> <span class='ocrx_word' id='word_1_419' title='bbox 1226 2414 1383 2451; x_wconf 74' lang='lat' dir='ltr'><strong>sedentes</strong></span> <span class='ocrx_word' id='word_1_420' title='bbox 1407 2419 1631 2450; x_wconf 76' lang='lat' dir='ltr'><strong>vescerentur</strong></span> <span class='ocrx_word' id='word_1_421' title='bbox 1659 2412 1725 2463; x_wconf 85' lang='lat' dir='ltr'><strong>(cf.</strong></span> <span class='ocrx_word' id='word_1_422' title='bbox 1752 2411 1994 2463; x_wconf 84' lang='lat' dir='ltr'><strong>Marquardt</strong></span> 
     </span>
     <span class='ocr_line' id='line_1_36' title="bbox 184 2472 1994 2526; baseline 0.001 -14"><span class='ocrx_word' id='word_1_423' title='bbox 184 2473 212 2512; x_wconf 89' lang='lat' dir='ltr'><strong>l.</strong></span> <span class='ocrx_word' id='word_1_424' title='bbox 231 2484 265 2512; x_wconf 92' lang='lat' dir='ltr'><strong>c.</strong></span> <span class='ocrx_word' id='word_1_425' title='bbox 285 2474 322 2523; x_wconf 92' lang='lat'><strong>5,</strong></span> <span class='ocrx_word' id='word_1_426' title='bbox 345 2475 364 2511; x_wconf 93' lang='lat' dir='ltr'><strong>l</strong></span> <span class='ocrx_word' id='word_1_427' title='bbox 392 2485 432 2524; x_wconf 87' lang='lat' dir='ltr'><strong>p.</strong></span> <span class='ocrx_word' id='word_1_428' title='bbox 450 2472 529 2524; x_wconf 88' lang='grc'><strong>91).</strong></span> <span class='ocrx_word' id='word_1_429' title='bbox 583 2473 709 2513; x_wconf 86' lang='lat' dir='ltr'><strong>Recte</strong></span> <span class='ocrx_word' id='word_1_430' title='bbox 737 2474 838 2512; x_wconf 90' lang='lat' dir='ltr'><strong>enim</strong></span> <span class='ocrx_word' id='word_1_431' title='bbox 864 2475 1127 2514; x_wconf 89' lang='lat' dir='ltr'><strong>Mommsenus</strong></span> <span class='ocrx_word' id='word_1_432' title='bbox 1155 2476 1380 2515; x_wconf 90' lang='lat' dir='ltr'><strong>observavit</strong></span> <span class='ocrx_word' id='word_1_433' title='bbox 1406 2487 1532 2525; x_wconf 88' lang='lat' dir='ltr'><strong>neque</strong></span> <span class='ocrx_word' id='word_1_434' title='bbox 1552 2476 1729 2514; x_wconf 89' lang='lat' dir='ltr'><strong>camillos</strong></span> <span class='ocrx_word' id='word_1_435' title='bbox 1759 2487 1848 2514; x_wconf 87' lang='lat' dir='ltr'><strong>esse</strong></span> <span class='ocrx_word' id='word_1_436' title='bbox 1875 2487 1994 2526; x_wconf 89' lang='lat' dir='ltr'><strong>posse</strong></span> 
     </span>
    </p>
   </div>
   <div class='ocr_carea' id='block_1_11' title="bbox 19 2530 1993 2590">
    <p class='ocr_par' dir='ltr' id='par_1_11' title="bbox 19 2528 1993 2590">
     <span class='ocr_line' id='line_1_37' title="bbox 19 2530 1993 2590; baseline 0 -14"><span class='ocrx_word' id='word_1_437' title='bbox 19 2530 22 2539; x_wconf 61' lang='lat'>²</span> <span class='ocrx_word' id='word_1_438' title='bbox 127 2580 131 2584; x_wconf 51' lang='grc'>,</span> <span class='ocrx_word' id='word_1_439' title='bbox 186 2547 331 2587; x_wconf 90' lang='lat' dir='ltr'><strong>pueros</strong></span> <span class='ocrx_word' id='word_1_440' title='bbox 344 2548 435 2576; x_wconf 87' lang='lat' dir='ltr'><strong>cum</strong></span> <span class='ocrx_word' id='word_1_441' title='bbox 451 2537 724 2576; x_wconf 86' lang='lat' dir='ltr'><strong>sacerdotibus</strong></span> <span class='ocrx_word' id='word_1_442' title='bbox 739 2542 958 2588; x_wconf 87' lang='lat' dir='ltr'><strong>vescentes,</strong></span> <span class='ocrx_word' id='word_1_443' title='bbox 979 2550 1065 2577; x_wconf 90' lang='lat' dir='ltr'><strong>cum</strong></span> <span class='ocrx_word' id='word_1_444' title='bbox 1084 2539 1162 2590; x_wconf 89' lang='lat' dir='ltr'><strong>ipsi</strong></span> <span class='ocrx_word' id='word_1_445' title='bbox 1182 2540 1374 2578; x_wconf 86' lang='lat' dir='ltr'><strong>sacrificio</strong></span> <span class='ocrx_word' id='word_1_446' title='bbox 1397 2551 1474 2578; x_wconf 92' lang='lat' dir='ltr'><strong>non</strong></span> <span class='ocrx_word' id='word_1_447' title='bbox 1490 2540 1681 2588; x_wconf 87' lang='lat' dir='ltr'><strong>intersint,</strong></span> <span class='ocrx_word' id='word_1_448' title='bbox 1703 2542 1742 2578; x_wconf 88' lang='lat' dir='ltr'><strong>et</strong></span> <span class='ocrx_word' id='word_1_449' title='bbox 1760 2539 1818 2578; x_wconf 90' lang='lat' dir='ltr'><strong>ita</strong></span> <span class='ocrx_word' id='word_1_450' title='bbox 1830 2550 1898 2577; x_wconf 90' lang='lat' dir='ltr'><strong>eos</strong></span> <span class='ocrx_word' id='word_1_451' title='bbox 1915 2538 1993 2576; x_wconf 88' lang='lat' dir='ltr'><strong>dis—</strong></span> 
     </span>
    </p>
   </div>
   <div class='ocr_carea' id='block_1_12' title="bbox 184 2599 1995 2970">
    <p class='ocr_par' dir='ltr' id='par_1_12' title="bbox 184 2599 1995 2970">
     <span class='ocr_line' id='line_1_38' title="bbox 184 2599 1995 2652; baseline 0 -14"><span class='ocrx_word' id='word_1_452' title='bbox 184 2599 339 2650; x_wconf 90' lang='lat' dir='ltr'><strong>positos</strong></span> <span class='ocrx_word' id='word_1_453' title='bbox 366 2599 503 2648; x_wconf 88' lang='lat' dir='ltr'><strong>fuisse,</strong></span> <span class='ocrx_word' id='word_1_454' title='bbox 532 2603 573 2638; x_wconf 93' lang='lat' dir='ltr'><strong>ut</strong></span> <span class='ocrx_word' id='word_1_455' title='bbox 598 2599 651 2639; x_wconf 87' lang='lat' dir='ltr'><strong>ad</strong></span> <span class='ocrx_word' id='word_1_456' title='bbox 679 2601 857 2651; x_wconf 88' lang='lat' dir='ltr'><strong>singulos</strong></span> <span class='ocrx_word' id='word_1_457' title='bbox 892 2602 1134 2652; x_wconf 89' lang='lat' dir='ltr'><strong>epulantium</strong></span> <span class='ocrx_word' id='word_1_458' title='bbox 1168 2603 1293 2642; x_wconf 87' lang='lat' dir='ltr'><strong>lectos</strong></span> <span class='ocrx_word' id='word_1_459' title='bbox 1328 2602 1473 2652; x_wconf 89' lang='lat' dir='ltr'><strong>singuli</strong></span> <span class='ocrx_word' id='word_1_460' title='bbox 1507 2602 1738 2642; x_wconf 88' lang='lat' dir='ltr'><strong>adsiderent</strong></span> <span class='ocrx_word' id='word_1_461' title='bbox 1770 2601 1901 2652; x_wconf 87' lang='lat' dir='ltr'><strong>pueri,</strong></span> <span class='ocrx_word' id='word_1_462' title='bbox 1929 2602 1995 2652; x_wconf 89' lang='lat' dir='ltr'><strong>qui</strong></span> 
     </span>
     <span class='ocr_line' id='line_1_39' title="bbox 185 2661 1994 2715; baseline 0.001 -15"><span class='ocrx_word' id='word_1_463' title='bbox 185 2661 219 2701; x_wconf 87' lang='lat' dir='ltr'><strong>si</strong></span> <span class='ocrx_word' id='word_1_464' title='bbox 248 2673 328 2701; x_wconf 92' lang='lat' dir='ltr'><strong>non</strong></span> <span class='ocrx_word' id='word_1_465' title='bbox 356 2663 439 2702; x_wconf 90' lang='lat' dir='ltr'><strong>nati</strong></span> <span class='ocrx_word' id='word_1_466' title='bbox 466 2668 579 2703; x_wconf 90' lang='lat' dir='ltr'><strong>crant</strong></span> <span class='ocrx_word' id='word_1_467' title='bbox 604 2676 654 2703; x_wconf 84' lang='lat' dir='ltr'><strong>ex</strong></span> <span class='ocrx_word' id='word_1_468' title='bbox 681 2665 860 2715; x_wconf 87' lang='lat' dir='ltr'><strong>patribus</strong></span> <span class='ocrx_word' id='word_1_469' title='bbox 889 2665 1126 2714; x_wconf 83' lang='lat' dir='ltr'><strong>Arvalibus,</strong></span> <span class='ocrx_word' id='word_1_470' title='bbox 1166 2665 1322 2715; x_wconf 89' lang='lat' dir='ltr'><strong>patrimi</strong></span> <span class='ocrx_word' id='word_1_471' title='bbox 1364 2669 1470 2704; x_wconf 87' lang='lat' dir='ltr'><strong>certe</strong></span> <span class='ocrx_word' id='word_1_472' title='bbox 1511 2671 1551 2704; x_wconf 91' lang='lat' dir='ltr'><strong>et</strong></span> <span class='ocrx_word' id='word_1_473' title='bbox 1588 2665 1756 2704; x_wconf 87' lang='lat' dir='ltr'><strong>matrimi</strong></span> <span class='ocrx_word' id='word_1_474' title='bbox 1795 2665 1994 2703; x_wconf 87' lang='lat' dir='ltr'><strong>debebant</strong></span> 
     </span>
     <span class='ocr_line' id='line_1_40' title="bbox 187 2725 1995 2779; baseline 0.002 -15"><span class='ocrx_word' id='word_1_475' title='bbox 187 2735 288 2764; x_wconf 89' lang='lat' dir='ltr'><strong>esse.</strong></span> <span class='ocrx_word' id='word_1_476' title='bbox 340 2725 399 2765; x_wconf 89' lang='lat' dir='ltr'><strong>Ut</strong></span> <span class='ocrx_word' id='word_1_477' title='bbox 424 2733 553 2765; x_wconf 82' lang='lat' dir='ltr'><strong>autem</strong></span> <span class='ocrx_word' id='word_1_478' title='bbox 579 2727 646 2765; x_wconf 85' lang='lat' dir='ltr'><strong>filii</strong></span> <span class='ocrx_word' id='word_1_479' title='bbox 684 2727 852 2766; x_wconf 88' lang='lat' dir='ltr'><strong>familias</strong></span> <span class='ocrx_word' id='word_1_480' title='bbox 889 2728 1107 2767; x_wconf 87' lang='lat' dir='ltr'><strong>ministrare</strong></span> <span class='ocrx_word' id='word_1_481' title='bbox 1143 2729 1325 2768; x_wconf 88' lang='lat' dir='ltr'><strong>solebant</strong></span> <span class='ocrx_word' id='word_1_482' title='bbox 1359 2729 1536 2778; x_wconf 86' lang='lat' dir='ltr'><strong>patribus</strong></span> <span class='ocrx_word' id='word_1_483' title='bbox 1566 2729 1818 2779; x_wconf 82' lang='lat' dir='ltr'><strong>epulantibus</strong></span> <span class='ocrx_word' id='word_1_484' title='bbox 1847 2728 1995 2779; x_wconf 87' lang='lat' dir='ltr'><strong>(Varro</strong></span> 
     </span>
     <span class='ocr_line' id='line_1_41' title="bbox 188 2787 1994 2843; baseline 0.001 -17"><span class='ocrx_word' id='word_1_485' title='bbox 188 2787 299 2838; x_wconf 86' lang='lat' dir='ltr'><strong>apud</strong></span> <span class='ocrx_word' id='word_1_486' title='bbox 323 2787 496 2829; x_wconf 86' lang='lat' dir='ltr'><strong>Nonium</strong></span> <span class='ocrx_word' id='word_1_487' title='bbox 522 2803 561 2841; x_wconf 91' lang='lat' dir='ltr'><strong>p.</strong></span> <span class='ocrx_word' id='word_1_488' title='bbox 585 2791 656 2829; x_wconf 90' lang='lat'><strong>156</strong></span> <span class='ocrx_word' id='word_1_489' title='bbox 684 2803 715 2831; x_wconf 89' lang='lat' dir='ltr'><strong>s.</strong></span> <span class='ocrx_word' id='word_1_490' title='bbox 735 2804 772 2829; x_wconf 89' lang='lat' dir='ltr'><strong>v.</strong></span> <span class='ocrx_word' id='word_1_491' title='bbox 800 2803 973 2841; x_wconf 87' lang='lat' dir='ltr'><strong>puerae;</strong></span> <span class='ocrx_word' id='word_1_492' title='bbox 1007 2791 1056 2830; x_wconf 90' lang='lat' dir='ltr'><strong>cf.</strong></span> <span class='ocrx_word' id='word_1_493' title='bbox 1090 2791 1322 2842; x_wconf 88' lang='lat' dir='ltr'><strong>Marquardt</strong></span> <span class='ocrx_word' id='word_1_494' title='bbox 1347 2792 1372 2831; x_wconf 92' lang='lat' dir='ltr'><strong>l.</strong></span> <span class='ocrx_word' id='word_1_495' title='bbox 1392 2791 1463 2842; x_wconf 90' lang='lat' dir='ltr'><strong>c.),</strong></span> <span class='ocrx_word' id='word_1_496' title='bbox 1502 2793 1558 2832; x_wconf 83' lang='lat' dir='ltr'><strong>ita</strong></span> <span class='ocrx_word' id='word_1_497' title='bbox 1590 2797 1774 2843; x_wconf 88' lang='lat' dir='ltr'><strong>quattuor</strong></span> <span class='ocrx_word' id='word_1_498' title='bbox 1799 2792 1856 2830; x_wconf 92' lang='lat' dir='ltr'><strong>illi</strong></span> <span class='ocrx_word' id='word_1_499' title='bbox 1882 2790 1994 2842; x_wconf 91' lang='lat' dir='ltr'><strong>pueri</strong></span> 
     </span>
     <span class='ocr_line' id='line_1_42' title="bbox 188 2850 1992 2906; baseline 0.002 -18"><span class='ocrx_word' id='word_1_500' title='bbox 188 2850 341 2890; x_wconf 89' lang='lat' dir='ltr'><strong>nobiles</strong></span> <span class='ocrx_word' id='word_1_501' title='bbox 368 2852 649 2893; x_wconf 87' lang='lat' dir='ltr'><strong>ministrabant</strong></span> <span class='ocrx_word' id='word_1_502' title='bbox 673 2855 904 2894; x_wconf 87' lang='lat' dir='ltr'><strong>Arvalibus.</strong></span> <span class='ocrx_word' id='word_1_503' title='bbox 961 2854 1038 2903; x_wconf 82' lang='lat' dir='ltr'><strong>Qui</strong></span> <span class='ocrx_word' id='word_1_504' title='bbox 1066 2855 1172 2905; x_wconf 88' lang='lat' dir='ltr'><strong>quod</strong></span> <span class='ocrx_word' id='word_1_505' title='bbox 1198 2859 1291 2906; x_wconf 89' lang='lat' dir='ltr'><strong>post</strong></span> <span class='ocrx_word' id='word_1_506' title='bbox 1319 2855 1456 2905; x_wconf 86' lang='lat' dir='ltr'><strong>epulas</strong></span> <span class='ocrx_word' id='word_1_507' title='bbox 1485 2855 1668 2895; x_wconf 86' lang='lat' dir='ltr'><strong>dicuntur</strong></span> <span class='ocrx_word' id='word_1_508' title='bbox 1686 2855 1861 2905; x_wconf 89' lang='lat' dir='ltr'><strong>acceptis</strong></span> <span class='ocrx_word' id='word_1_509' title='bbox 1888 2860 1992 2893; x_wconf 89' lang='lat' dir='ltr'><strong>tora-</strong></span> 
     </span>
     <span class='ocr_line' id='line_1_43' title="bbox 185 2913 1994 2970; baseline 0.002 -18"><span class='ocrx_word' id='word_1_510' title='bbox 185 2913 290 2954; x_wconf 86' lang='lat' dir='ltr'><strong>libus</strong></span> <span class='ocrx_word' id='word_1_511' title='bbox 318 2917 574 2966; x_wconf 84' lang='lat' dir='ltr'><strong>segmentatis</strong></span> <span class='ocrx_word' id='word_1_512' title='bbox 606 2929 727 2968; x_wconf 90' lang='lat' dir='ltr'><strong>supra</strong></span> <span class='ocrx_word' id='word_1_513' title='bbox 752 2917 813 2957; x_wconf 90' lang='lat' dir='ltr'><strong>his</strong></span> <span class='ocrx_word' id='word_1_514' title='bbox 833 2918 1079 2958; x_wconf 89' lang='lat' dir='ltr'><strong>discubuisse</strong></span> <span class='ocrx_word' id='word_1_515' title='bbox 1098 2924 1261 2970; x_wconf 89' lang='lat' dir='ltr'><strong>tureque</strong></span> <span class='ocrx_word' id='word_1_516' title='bbox 1277 2923 1316 2958; x_wconf 87' lang='lat' dir='ltr'><strong>et</strong></span> <span class='ocrx_word' id='word_1_517' title='bbox 1332 2919 1423 2958; x_wconf 87' lang='lat' dir='ltr'><strong>vino</strong></span> <span class='ocrx_word' id='word_1_518' title='bbox 1450 2919 1606 2968; x_wconf 88' lang='lat' dir='ltr'><strong>fecisse,</strong></span> <span class='ocrx_word' id='word_1_519' title='bbox 1633 2919 1689 2958; x_wconf 91' lang='lat' dir='ltr'><strong>ita</strong></span> <span class='ocrx_word' id='word_1_520' title='bbox 1716 2918 1994 2969; x_wconf 83' lang='lat' dir='ltr'><strong>explicandum</strong></span> 
     </span>
    </p>
   </div>
   <div class='ocr_carea' id='block_1_13' title="bbox 9 2961 1995 3033">
    <p class='ocr_par' dir='ltr' id='par_1_13' title="bbox 9 2961 1995 3033">
     <span class='ocr_line' id='line_1_44' title="bbox 9 2961 1995 3033; baseline 0.002 -16"><span class='ocrx_word' id='word_1_521' title='bbox 9 2961 41 2997; x_wconf 91' lang='lat'>³</span> <span class='ocrx_word' id='word_1_522' title='bbox 73 2969 89 2993; x_wconf 65' lang='lat'><strong>‘³‘</strong></span> <span class='ocrx_word' id='word_1_523' title='bbox 113 3001 117 3006; x_wconf 49' lang='grc'><strong>&gt;</strong></span> <span class='ocrx_word' id='word_1_524' title='bbox 190 2981 266 3028; x_wconf 86' lang='lat' dir='ltr'><strong>est,</strong></span> <span class='ocrx_word' id='word_1_525' title='bbox 292 2983 337 3018; x_wconf 89' lang='lat' dir='ltr'><strong>ut</strong></span> <span class='ocrx_word' id='word_1_526' title='bbox 363 2980 504 3030; x_wconf 89' lang='lat' dir='ltr'><strong>epulae</strong></span> <span class='ocrx_word' id='word_1_527' title='bbox 530 2991 604 3030; x_wconf 90' lang='lat' dir='ltr'><strong>pro</strong></span> <span class='ocrx_word' id='word_1_528' title='bbox 630 2992 767 3021; x_wconf 87' lang='lat' dir='ltr'><strong>mensa</strong></span> <span class='ocrx_word' id='word_1_529' title='bbox 791 2982 921 3033; x_wconf 88' lang='lat' dir='ltr'><strong>prima</strong></span> <span class='ocrx_word' id='word_1_530' title='bbox 936 2982 1167 3032; x_wconf 85' lang='lat' dir='ltr'><strong>habeantur,</strong></span> <span class='ocrx_word' id='word_1_531' title='bbox 1195 2994 1275 3032; x_wconf 89' lang='lat' dir='ltr'><strong>qua</strong></span> <span class='ocrx_word' id='word_1_532' title='bbox 1293 2982 1451 3021; x_wconf 88' lang='lat' dir='ltr'><strong>sublata</strong></span> <span class='ocrx_word' id='word_1_533' title='bbox 1468 2983 1703 3033; x_wconf 87' lang='lat' dir='ltr'><strong>interposito</strong></span> <span class='ocrx_word' id='word_1_534' title='bbox 1731 2983 1875 3033; x_wconf 88' lang='lat' dir='ltr'><strong>spatio,</strong></span> <span class='ocrx_word' id='word_1_535' title='bbox 1904 2982 1995 3020; x_wconf 90' lang='lat' dir='ltr'><strong>dum</strong></span> 
     </span>
    </p>
   </div>
   <div class='ocr_carea' id='block_1_14' title="bbox 0 0 159 3658">
    <p class='ocr_par' dir='ltr' id='par_1_14' title="bbox 0 0 159 3658">
     <span class='ocr_line' id='line_1_45' title="bbox 0 0 159 3658; baseline 0 0"><span class='ocrx_word' id='word_1_536' title='bbox 0 0 159 3658; x_wconf 95' lang='lat' dir='ltr'><strong> </strong></span> 
     </span>
    </p>
   </div>
   <div class='ocr_carea' id='block_1_15' title="bbox 186 3043 2027 3346">
    <p class='ocr_par' dir='ltr' id='par_1_15' title="bbox 186 3043 2027 3346">
     <span class='ocr_line' id='line_1_46' title="bbox 186 3043 1991 3096; baseline 0.002 -16"><span class='ocrx_word' id='word_1_537' title='bbox 186 3045 349 3090; x_wconf 87' lang='lat' dir='ltr'><strong>paratur</strong></span> <span class='ocrx_word' id='word_1_538' title='bbox 391 3054 529 3081; x_wconf 85' lang='lat' dir='ltr'><strong>mensa</strong></span> <span class='ocrx_word' id='word_1_539' title='bbox 572 3043 768 3094; x_wconf 89' lang='lat' dir='ltr'><strong>secunda,</strong></span> <span class='ocrx_word' id='word_1_540' title='bbox 813 3050 966 3084; x_wconf 88' lang='lat' dir='ltr'><strong>veteres</strong></span> <span class='ocrx_word' id='word_1_541' title='bbox 1009 3046 1133 3085; x_wconf 91' lang='lat' dir='ltr'><strong>libare</strong></span> <span class='ocrx_word' id='word_1_542' title='bbox 1180 3045 1253 3084; x_wconf 90' lang='lat' dir='ltr'><strong>diis</strong></span> <span class='ocrx_word' id='word_1_543' title='bbox 1302 3045 1489 3084; x_wconf 89' lang='lat' dir='ltr'><strong>solebant</strong></span> <span class='ocrx_word' id='word_1_544' title='bbox 1531 3046 1604 3096; x_wconf 89' lang='lat' dir='ltr'><strong>(cf.</strong></span> <span class='ocrx_word' id='word_1_545' title='bbox 1647 3046 1794 3085; x_wconf 88' lang='lat' dir='ltr'><strong>Marini</strong></span> <span class='ocrx_word' id='word_1_546' title='bbox 1832 3058 1870 3095; x_wconf 87' lang='lat' dir='ltr'><strong>p.</strong></span> <span class='ocrx_word' id='word_1_547' title='bbox 1897 3046 1991 3093; x_wconf 86' lang='lat'><strong>5363</strong></span> 
     </span>
     <span class='ocr_line' id='line_1_47' title="bbox 187 3102 1993 3159; baseline 0.002 -18"><span class='ocrx_word' id='word_1_548' title='bbox 187 3102 470 3154; x_wconf 61' lang='lat' dir='ltr'><strong>Marquardtd.</strong></span> <span class='ocrx_word' id='word_1_549' title='bbox 487 3118 521 3145; x_wconf 83' lang='lat' dir='ltr'><strong>c.</strong></span> <span class='ocrx_word' id='word_1_550' title='bbox 549 3118 587 3156; x_wconf 91' lang='lat' dir='ltr'><strong>p.</strong></span> <span class='ocrx_word' id='word_1_551' title='bbox 608 3107 710 3158; x_wconf 87' lang='lat'><strong>336).</strong></span> <span class='ocrx_word' id='word_1_552' title='bbox 765 3107 909 3158; x_wconf 84' lang='lat' dir='ltr'><strong>Itaque</strong></span> <span class='ocrx_word' id='word_1_553' title='bbox 936 3109 1109 3147; x_wconf 87' lang='lat' dir='ltr'><strong>Arvales</strong></span> <span class='ocrx_word' id='word_1_554' title='bbox 1145 3109 1246 3148; x_wconf 90' lang='lat' dir='ltr'><strong>inter</strong></span> <span class='ocrx_word' id='word_1_555' title='bbox 1279 3120 1436 3148; x_wconf 88' lang='lat' dir='ltr'><strong>mensas</strong></span> <span class='ocrx_word' id='word_1_556' title='bbox 1463 3109 1627 3159; x_wconf 90' lang='lat' dir='ltr'><strong>primam</strong></span> <span class='ocrx_word' id='word_1_557' title='bbox 1656 3113 1694 3148; x_wconf 94' lang='lat' dir='ltr'><strong>et</strong></span> <span class='ocrx_word' id='word_1_558' title='bbox 1723 3109 1887 3147; x_wconf 88' lang='lat' dir='ltr'><strong>alteram</strong></span> <span class='ocrx_word' id='word_1_559' title='bbox 1915 3119 1993 3146; x_wconf 88' lang='lat' dir='ltr'><strong>non</strong></span> 
     </span>
     <span class='ocr_line' id='line_1_48' title="bbox 192 3166 1994 3223; baseline 0.003 -19"><span class='ocrx_word' id='word_1_560' title='bbox 192 3166 316 3205; x_wconf 90' lang='lat' dir='ltr'><strong>solum</strong></span> <span class='ocrx_word' id='word_1_561' title='bbox 342 3171 428 3207; x_wconf 88' lang='lat' dir='ltr'><strong>ture</strong></span> <span class='ocrx_word' id='word_1_562' title='bbox 454 3173 494 3207; x_wconf 89' lang='lat' dir='ltr'><strong>et</strong></span> <span class='ocrx_word' id='word_1_563' title='bbox 523 3169 614 3207; x_wconf 88' lang='lat' dir='ltr'><strong>vino</strong></span> <span class='ocrx_word' id='word_1_564' title='bbox 641 3169 829 3220; x_wconf 87' lang='lat' dir='ltr'><strong>fecerunt,</strong></span> <span class='ocrx_word' id='word_1_565' title='bbox 857 3171 927 3209; x_wconf 92' lang='lat' dir='ltr'><strong>sed</strong></span> <span class='ocrx_word' id='word_1_566' title='bbox 960 3171 1034 3211; x_wconf 90' lang='lat' dir='ltr'><strong>diis</strong></span> <span class='ocrx_word' id='word_1_567' title='bbox 1067 3184 1220 3223; x_wconf 90' lang='lat' dir='ltr'><strong>quoque</strong></span> <span class='ocrx_word' id='word_1_568' title='bbox 1254 3174 1388 3223; x_wconf 87' lang='lat' dir='ltr'><strong>fruges</strong></span> <span class='ocrx_word' id='word_1_569' title='bbox 1418 3173 1563 3211; x_wconf 86' lang='lat' dir='ltr'><strong>libatas</strong></span> <span class='ocrx_word' id='word_1_570' title='bbox 1585 3172 1874 3210; x_wconf 87' lang='lat' dir='ltr'><strong>sacrificarunt:</strong></span> <span class='ocrx_word' id='word_1_571' title='bbox 1902 3183 1994 3210; x_wconf 89' lang='lat' dir='ltr'><strong>nam</strong></span> 
     </span>
     <span class='ocr_line' id='line_1_49' title="bbox 191 3229 1987 3287; baseline 0.003 -19"><span class='ocrx_word' id='word_1_572' title='bbox 191 3229 296 3278; x_wconf 90' lang='lat' dir='ltr'><strong>quod</strong></span> <span class='ocrx_word' id='word_1_573' title='bbox 323 3230 435 3281; x_wconf 89' lang='lat' dir='ltr'><strong>pueri</strong></span> <span class='ocrx_word' id='word_1_574' title='bbox 462 3230 645 3271; x_wconf 80' lang='lat' dir='ltr'><strong>dicuntur</strong></span> <span class='ocrx_word' id='word_1_575' title='bbox 671 3232 724 3271; x_wconf 87' lang='lat' dir='ltr'><strong>ad</strong></span> <span class='ocrx_word' id='word_1_576' title='bbox 751 3245 861 3272; x_wconf 86' lang='lat' dir='ltr'><strong>aram</strong></span> <span class='ocrx_word' id='word_1_577' title='bbox 888 3235 1086 3274; x_wconf 88' lang='lat' dir='ltr'><strong>rettulisse</strong></span> <span class='ocrx_word' id='word_1_578' title='bbox 1114 3241 1183 3275; x_wconf 85' lang='lat' dir='ltr'><strong>aut</strong></span> <span class='ocrx_word' id='word_1_579' title='bbox 1208 3237 1284 3287; x_wconf 90' lang='lat' dir='ltr'><strong>ipsi</strong></span> <span class='ocrx_word' id='word_1_580' title='bbox 1310 3235 1538 3275; x_wconf 84' lang='lat' dir='ltr'><strong>sacerdotes</strong></span> <span class='ocrx_word' id='word_1_581' title='bbox 1572 3247 1645 3286; x_wconf 90' lang='lat' dir='ltr'><strong>per</strong></span> <span class='ocrx_word' id='word_1_582' title='bbox 1670 3247 1833 3286; x_wconf 89' lang='lat' dir='ltr'><strong>pueros,</strong></span> <span class='ocrx_word' id='word_1_583' title='bbox 1870 3234 1912 3273; x_wconf 93' lang='lat' dir='ltr'><strong>id</strong></span> <span class='ocrx_word' id='word_1_584' title='bbox 1939 3234 1987 3272; x_wconf 91' lang='lat' dir='ltr'><strong>de</strong></span> 
     </span>
     <span class='ocr_line' id='line_1_50' title="bbox 187 3290 2027 3346; baseline 0.005 -16"><span class='ocrx_word' id='word_1_585' title='bbox 187 3290 365 3343; x_wconf 81' lang='lat' dir='ltr'><strong>frugibus</strong></span> <span class='ocrx_word' id='word_1_586' title='bbox 392 3293 527 3336; x_wconf 83' lang='lat' dir='ltr'><strong>libatis</strong></span> <span class='ocrx_word' id='word_1_587' title='bbox 555 3296 863 3346; x_wconf 88' lang='lat' dir='ltr'><strong>intellegendum</strong></span> <span class='ocrx_word' id='word_1_588' title='bbox 901 3309 988 3338; x_wconf 87' lang='lat' dir='ltr'><strong>esse</strong></span> <span class='ocrx_word' id='word_1_589' title='bbox 1028 3298 1104 3337; x_wconf 92' lang='lat' dir='ltr'><strong>diei</strong></span> <span class='ocrx_word' id='word_1_590' title='bbox 1138 3299 1242 3338; x_wconf 90' lang='lat' dir='ltr'><strong>tertii</strong></span> <span class='ocrx_word' id='word_1_591' title='bbox 1271 3303 1363 3339; x_wconf 87' lang='lat' dir='ltr'><strong>acta</strong></span> <span class='ocrx_word' id='word_1_592' title='bbox 1389 3298 1632 3338; x_wconf 88' lang='lat' dir='ltr'><strong>confirmant.</strong></span> <span class='ocrx_word' id='word_1_593' title='bbox 1687 3299 1828 3338; x_wconf 90' lang='lat' dir='ltr'><strong>Pueris</strong></span> <span class='ocrx_word' id='word_1_594' title='bbox 1857 3302 1986 3340; x_wconf 83' lang='lat' dir='ltr'><strong>autem</strong></span> <span class='ocrx_word' id='word_1_595' title='bbox 2023 3302 2027 3305; x_wconf 82' lang='grc'><strong>’</strong></span> 
     </span>
    </p>
   </div>
  </div>
 </body>
</html>
