2340 3658
960 182 1062 221 Nero
1088 180 1277 218 Claudius.
1355 184 1358 187 '
1941 192 2012 219 1111

210 998 396 1059 NERO
436 995 784 1058 CLAUDIUS
826 992 1099 1056 CAESAR
1141 992 1511 1055 Arffl‘STFs
1553 991 2015 1054 GERMANICPS.

211 1179 437 1232 adfuerunt
466 1207 1499 1222 .........................

268 1246 343 1290 Gn.
374 1247 577 1290 Lentulus
607 1245 866 1298 Gaetulicus,
896 1245 946 1286 Τ.
979 1244 1178 1287 Curtilius
1208 1244 1375 1286 Mancia
1397 1243 1441 1299 ¹).

411 1317 479 1359 ΙΠ
506 1315 603 1358 idus
633 1313 930 1370 Decembr(es)
958 1313 1002 1354 in
1033 1325 1156 1355 sacra
1185 1312 1257 1355 via

211 1385 258 1427 P.
289 1385 510 1429 Memmius
546 1384 732 1439 Regulus
772 1396 848 1440 pro
886 1384 1091 1437 magistro
1130 1381 1305 1424 fratrum
1344 1382 1565 1424 Arvalium
1602 1383 1763 1424 nomine
1797 1381 2020 1421 immolavit

1762 1449 1825 1518 [ex
1854 1450 2019 1490 edicto?

267 1523 451 1566 Neronis
493 1522 645 1566 Claudi
687 1521 885 1566 Caesaris
924 1521 1147 1576 Aug(usti)
1185 1520 1428 1564 Germanici
1464 1519 1668 1576 princ-ipis
1687 1519 1722 1574 ²)
1757 1521 2021 1572 parentisque

1720 1588 1725 1655 ξ
1740 1589 1896 1642 publici
1925 1594 2021 1629 ante

266 1658 436 1703 domum
467 1661 754 1704 Domitianam
784 1661 837 1703 ob
867 1661 1116 1703 memoriam
1146 1660 1306 1703 Domiti
1336 1659 1472 1715 patris
1503 1660 1590 1700 eius
1619 1658 1759 1700 bovem
1788 1672 1953 1700 marem.

409 1730 558 1774 XVIII
586 1729 838 1786 k(alendas)
868 1728 1131 1785 Ianuarfias)
1160 1729 1206 1771 in
1237 1729 1451 1785 Capitolio

210 1799 257 1842 P.
287 1799 510 1842 Memmius
539 1799 728 1854 Regulus
758 1812 835 1856 pro
866 1799 1072 1853 magistro
1104 1799 1280 1841 fratrum
1310 1798 1534 1840 Arvalium
1569 1799 1731 1839 nomine
1761 1797 1811 1837 ob
1841 1796 2021 1837 natalem

266 1867 451 1910 Neronis
466 1868 619 1912 Claudi
636 1868 833 1912 Caesaris
850 1868 1072 1923 Aug(usti)
1090 1867 1334 1911 Germanic-i
1355 1868 1561 1923 principis
1578 1868 1846 1920 parentisque
1865 1866 2020 1919 publici

267 1935 503 1980 immolavit
530 1938 623 1980 Iovi
654 1937 851 1994 0(ptimo)
880 1936 1103 1993 m(axim0)
1134 1936 1288 1978 bovem
1318 1948 1498 1991 marem,
1530 1935 1682 1978 Iunoni
1713 1947 1905 1988 vaccam,
1937 1935 2020 1976 Mi-

1644 2004 1807 2071 'nervae
1836 2017 2017 2059 vaccam,

374 2156 521 2191 Tabula
544 2167 703 2203 superne
730 2161 766 2192 et
791 2158 931 2193 inferne
958 2157 1075 2192 fracta
1102 2157 1239 2192 Romae
1265 2156 1303 2191 in
1328 2154 1484 2191 aedibus
1511 2155 1710 2191 Goritianis
1737 2154 1855 2191 DON.

305 2231 437 2267 Edidit
468 2232 613 2267 Donius
646 2233 685 2275 9,
719 2234 767 2269 30
802 2232 909 2277 (iude
948 2233 1081 2269 Murat.

210 2290 292 2333 585,
317 2291 341 2326 2
365 2292 404 2325 et
427 2290 562 2326 Marini
587 2291 665 2326 tab.
691 2292 801 2338 XIII)
827 2302 873 2326 ex
898 2302 966 2327 ms.
990 2291 1081 2328 bibl.

213 2348 385 2385 Stroziae
409 2349 663 2385 Florentinae.

303 2407 566 2453 Fragmentum
605 2420 679 2444 non
712 2409 831 2444 minus
871 2412 1081 2456 corruptum

213 2467 252 2500 et
274 2465 536 2511 interpolatum
563 2478 670 2513 quam
690 2478 783 2514 quae
802 2478 848 2502 ex
866 2467 995 2503 eodem
1019 2478 1080 2503 co-

214 2523 298 2559 dice
312 2523 510 2571 desumpta
524 2529 610 2561 sunt
622 2529 709 2562 acta
725 2537 758 2564 a.
773 2526 820 2563 40
837 2529 876 2561 et
894 2526 1081 2562 CLAUD.

212 2582 259 2616 D.
281 2581 424 2617 Rettuli
441 2583 489 2619 ad
507 2594 538 2619 a.
555 2585 611 2627 55,
632 2586 719 2631 quia
736 2597 768 2620 v.
786 2585 810 2620 4
826 2584 971 2619 videtur
987 2583 1080 2630 indi-

213 2642 299 2675 eata
331 2650 417 2676 esse
455 2642 574 2688 prima
608 2642 793 2678 institutio
833 2642 1005 2678 sacrificii
1044 2643 1082 2677 in

214 2699 424 2735 memoriam
464 2700 528 2736 Cn.
561 2702 714 2737 Domitii
751 2702 870 2748 patris
900 2701 1080 2737 Neronis:

213 2759 387 2804 genetivo
420 2758 516 2794 euim
556 2760 618 2805 qui
662 2763 723 2795 est
762 2761 915 2796 Neronis
954 2759 1083 2794 Claudi

216 2816 378 2852 caesaris
420 2819 573 2863 Augusti
614 2817 823 2853 declaratur
864 2818 1082 2854 vocabulum

214 2876 327 2911 edicto
362 2875 421 2911 vel
463 2877 582 2912 simile
626 2875 777 2923 aliquod
815 2876 1081 2922 praecessisse.

216 2934 445 2971 Sacrificium
471 2939 593 2971 autem
627 2934 719 2970 illud
743 2945 838 2970 anno
863 2936 909 2971 55
935 2935 1081 2970 institu-

214 2997 291 3029 tum
308 3004 393 3029 esse
411 2993 603 3029 confirmat
620 2993 787 3035 Tacitus,
805 3003 886 3028 cum
904 2993 969 3028 illo
987 3004 1082 3028 anno

216 3051 375 3100 effigiem
413 3051 478 3088 Gn.
510 3051 675 3088 Domitio
714 3052 811 3098 patri
843 3051 1028 3087 Neronem
1062 3063 1084 3086 a

216 3114 347 3146 senatu
372 3110 530 3157 petiisse
562 3113 686 3146 narrat
713 3109 821 3156 (Anu.
847 3111 909 3153 13,
935 3112 997 3153 103
1035 3110 1081 3147 cf.

217 3167 320 3205 Suet.
345 3170 434 3204 Ner.
460 3171 509 3210 9?-

310 3226 336 3272 ¹)
363 3226 423 3262 ΟΝ
435 3239 443 3247 ·
453 3226 1081 3264 LENTVLO-GAETVLIOO·T·

217 3284 691 3322 CVRTm10·MAG·F·A
719 3284 894 3321 traditur:
931 3285 968 3321 in
1002 3286 1081 3332 qui-

1148 2233 1218 2268 bus
1231 2232 1398 2267 Manciae
1410 2241 1614 2277 cognomen
1628 2231 1743 2266 latere
1758 2231 1821 2277 qui
1839 2230 2020 2265 intellexit

1148 2291 1327 2326 Marinius
1354 2292 1405 2337 (p.
1421 2291 1501 2334 88),
1528 2291 1663 2325 erravit
1690 2290 1726 2324 in
1751 2300 1813 2332 eo,
1840 2288 1937 2334 quod
1964 2289 2020 2323 in-

1149 2350 1295 2385 dicatos
1335 2360 1421 2385 esse
1457 2350 1586 2396 posuit
1623 2347 1796 2384 consules
1829 2347 2017 2389 suffectos,

1149 2419 1305 2455 eumque
1331 2411 1488 2443 secutus
1510 2411 1567 2443 est
1585 2407 1813 2452 Borghesius
1839 2406 1891 2450 (in
1908 2406 2017 2441 fastis

1149 2466 1328 2510 ineditis).
1377 2465 1527 2501 Nerone
1554 2469 1675 2500 autem
1701 2465 1905 2511 imperante
1930 2475 2016 2500 con-

1151 2525 1292 2561 sulatus
1328 2525 1474 2560 ruerunt
1499 2527 1718 2560 semestres:
1750 2523 1922 2558 consules
1949 2523 2017 2568 igi-

1149 2589 1209 2618 tur
1241 2583 1388 2619 suffecti
1421 2593 1502 2618 cum
1536 2583 1670 2617 inirent
1701 2581 1869 2616 kalendis
1899 2581 2017 2624 Iuliis,

1150 2643 1228 2678 fieri
1253 2653 1326 2677 non
1351 2641 1472 2688 potuit
1496 2644 1536 2676 ut
1561 2652 1592 2676 a.
1620 2641 1653 2675 d.
1679 2641 1736 2675 ΙΙΙ
1761 2639 1843 2675 idus
1862 2640 2016 2675 Decem-

1149 2702 1236 2737 bres
1262 2702 1415 2748 primum
1440 2702 1477 2735 in
1510 2701 1605 2735 actis
1637 2701 2016 2739 commemorarentur,

1150 2772 1234 2796 nam
1276 2760 1344 2795 sub
1377 2758 1529 2795 Nerone
1567 2758 1757 2793 mensibus
1791 2756 1945 2792 Octobri
1979 2760 2018 2792 et

1149 2819 1352 2855 Novembri
1378 2820 1550 2864 quattuor
1575 2817 1706 2852 saltem
1731 2815 1881 2850 fratrum
1897 2813 2015 2849 Arva-

1150 2877 1237 2912 lium
1263 2888 1370 2913 sacra
1395 2875 1679 2911 celebrabantur
1705 2873 1765 2917 (cf.
1783 2884 1815 2909 a.
1833 2873 1903 2917 58).
1933 2871 2017 2908 Nec

1149 2936 1267 2981 magis
1294 2935 1374 2971 fieri
1398 2936 1558 2981 pot-erat,
1584 2935 1625 2967 ut
1648 2944 1681 2967 v.
1702 2931 1746 2967 14
1762 2934 2016 2978 repeterentur

1150 2994 1342 3030 consulum
1379 2993 1537 3028 nomina.
1602 2990 1784 3026 Lentulus
1827 2990 1939 3035 igitur
1980 2994 2015 3024 et

1151 3052 1326 3088 Curtilius
1352 3063 1423 3087 uon
1446 3052 1604 3098 possunt
1628 3050 1743 3084 fuisse
1764 3049 1835 3084 nisi
1857 3048 2015 3084 Arvales

1149 3111 1326 3146 nominat-i
1350 3111 1446 3146 inter
1471 3120 1537 3144 eos
1564 3109 1625 3154 qui
1650 3107 1855 3143 adfuerunt.

1245 3170 1272 3212 ²)
1296 3172 1413 3204 totum
1438 3180 1471 3203 v.
1487 3169 1512 3204 4
1535 3165 1757 3202 eiiciendum
1782 3176 1867 3201 esse
1885 3168 2014 3212 utpote

1150 3238 1271 3262 errore
1303 3227 1499 3274 repetitum
1530 3237 1576 3261 ex
1603 3237 1637 3261 v.
1660 3227 1683 3263 8
1712 3227 1851 3261 temere
1884 3224 2014 3260 statuit

1148 3285 1327 3321 Mai-iuius
1353 3290 1406 3332 (p.
1422 3286 1495 3329 89).

2054 1323 2125 1348 Dec.
2150 1323 2179 1347 11

2052 1745 2122 1774 Dec.
2149 1747 2180 1771 15
