2340 3658
386 166 465 209 156
1183 167 1395 214 cooptatio.

379 280 600 330 Arvalium,
629 281 667 319 in
697 282 842 332 quibus
871 282 1064 332 epistulae
1085 282 1363 331 imperatorum
1384 282 1548 322 Traiani
1567 289 1604 322 et
1626 283 1822 322 Hadriani
1841 283 1890 333 (a.
1918 285 1988 322 101
2012 285 2083 324 118
2105 285 2195 337 120)

384 343 513 392 capite
541 344 716 392 Augusti
746 344 927 392 signatae
957 343 1078 381 fuisse
1108 343 1301 382 dicuntur.
1355 345 1485 382 Minus
1513 349 1642 383 tamen
1671 350 1853 384 accurate
1889 347 2009 385 refert
2035 347 2112 386 Dio
2153 347 2194 397 (l.

380 405 444 454 c.),
486 417 572 443 cum
615 405 692 443 alio
737 406 850 454 signo
879 405 1002 443 solum
1031 418 1142 444 usum
1172 418 1259 444 esse
1290 405 1462 446 Galbam
1504 408 1663 447 scribit:
1707 420 1795 447 nam
1824 408 2039 456 Traianus,
2081 420 2195 459 quem

379 479 482 507 anno
516 469 583 505 101
621 467 750 516 capite
780 467 952 515 Augusti
996 467 1163 505 diximus
1204 468 1396 518 signasse,
1437 469 1590 508 litteras
1633 482 1733 520 quae
1776 474 2072 520 postmortem
2112 470 2195 509 eius

378 529 547 567 Romam
589 529 733 567 allatae
775 533 865 566 sunt
907 529 1021 577 signo
1050 529 1221 579 quodam
1266 531 1496 579 signaverat
1522 532 1628 582 quod
1656 533 1906 583 exprimebat
1931 533 2127 583 Marsyam
2155 538 2197 571 et

380 591 587 640 Olympum
619 591 775 638 suringe
805 597 1011 630 canentes:
1039 593 1171 642 itaque
1203 605 1281 630 non
1309 593 1446 631 eodem
1475 607 1630 645 semper
1651 595 1854 645 signaculo
1875 595 2071 634 Traianus
2097 606 2194 632 usus

379 659 450 691 est.
481 675 532 680 -—
558 654 619 691 De
648 653 808 702 Marsya
836 666 856 691 a
887 654 1078 692 Romanis
1108 656 1272 694 confuso
1301 668 1387 694 cum
1409 657 1518 694 Pane
1547 661 1586 695 et
1614 658 1771 707 syringe
1799 658 1857 695 illi
1883 657 2078 695 interdum
2106 657 2195 695 loco

378 715 562 753 tibiarum
591 715 739 752 tributa
766 716 814 754 cf.
846 716 1039 766 Stephani
1070 717 1217 767 Compte
1244 720 1360 755 remota
1380 732 1482 767 pour
1509 719 1646 757 l’annde
1676 717 1779 758 1862
1801 732 1838 770 p.
1869 722 1930 768 99,
1959 720 1993 756 3.

1068 1106 1108 1147 4.
1160 1106 1493 1150 Praesentes.

477 1228 651 1266 Nomina
679 1240 809 1266 eorum
839 1229 903 1279 qui
933 1230 1131 1268 adfuerint
1156 1230 1196 1268 in
1223 1231 1298 1270 fine
1328 1232 1532 1281 adscripta
1552 1237 1643 1270 sunt
1669 1236 1750 1271 tum
1770 1244 1940 1282 quoque,
1962 1245 2049 1271 cum
2075 1244 2189 1284 prae-

374 1291 523 1329 cedunt
551 1292 672 1328 verba
700 1292 929 1329 adstantibus
947 1293 1134 1341 fratribus
1166 1294 1362 1332 Arvalibus
1403 1295 1452 1342 (a.
1482 1297 1531 1334 69
1561 1294 1608 1334 78
1638 1295 1723 1344 81);
1765 1295 1838 1332 hoc
1874 1295 1974 1333 enim
2007 1296 2095 1334 loco
2123 1308 2190 1334 no-

372 1353 477 1391 mina
506 1364 639 1390 eorum
669 1365 746 1391 non
775 1358 1042 1392 recensentur.
1099 1354 1335 1395 Indicantur
1362 1357 1622 1408 praescriptis
1653 1357 1783 1395 verbis
1813 1357 1942 1395 hisce:

376 1427 428 1469 14
458 1428 510 1470 21
544 1428 598 1470 38
849 1428 1080 1471 adfuerunt
1109 1430 1184 1470 illi.

372 1507 427 1548 69
460 1507 512 1548 78
543 1507 597 1549 86
845 1508 888 1550 in
920 1508 1102 1561 collegio
1134 1508 1366 1553 adfuerunt
1396 1512 1471 1552 illi.

372 1585 424 1627 91
461 1586 571 1628 118α
593 1600 614 1627 c
649 1587 730 1629 120
846 1587 1076 1629 adfuerunt
1105 1589 1147 1630 in
1179 1590 1363 1644 collegio
1395 1591 1469 1631 illi.

370 1664 452 1706 218
844 1666 1074 1710 adfuerunt
1104 1670 1167 1709 illi
1196 1669 1341 1723 ibique
1373 1669 1667 1712 adclamantes
1698 1668 1913 1726 ffe]1i[c]ia
1944 1668 2187 1727 [dix]erunt.

476 1767 737 1818 Temporibus
768 1770 1058 1819 antiquioribus
1090 1771 1122 1807 si
1151 1771 1217 1820 qui
1246 1771 1387 1809 fratres
1417 1771 1588 1808 Arvales
1618 1783 1704 1809 curn
1734 1772 1875 1810 ceteris
1918 1771 1970 1811 ad
1999 1776 2188 1823 cooptan-

371 1828 462 1867 dum
491 1832 701 1869 convenire
732 1845 807 1870 non
837 1838 1036 1882 poterant,
1066 1833 1297 1870 absentibus
1328 1833 1444 1870 etiam
1471 1844 1544 1882 per
1582 1833 1754 1872 tabellas
1795 1838 1983 1884 cooptare
2022 1834 2188 1874 licebat:

370 1890 409 1927 in
437 1892 537 1930 actis
566 1894 666 1931 enim
696 1895 884 1944 scriptum
913 1900 976 1933 est
1002 1899 1095 1944 post
1126 1896 1282 1934 nomina
1311 1907 1444 1933 eorum
1473 1896 1539 1945 qui
1567 1896 1778 1935 adfuerunt

374 1987 425 2028 14
452 1990 593 2042 pridie
624 1992 741 2032 eidus
771 1992 908 2033 Maias
1043 2005 1120 2047 per
1151 1990 1334 2033 tabellas
1366 1995 1623 2047 cooptarunt
1652 1995 1726 2034 illi.

371 2078 424 2120 14
453 2081 603 2121 XVIII
629 2080 864 2137 le(alendas)
894 2085 986 2124 Ian.
1046 2096 1124 2137 per
1153 2082 1335 2125 tabellas
1366 2083 1584 2138 cooptavit
1615 2085 1696 2125 ille.

470 2181 587 2220 Hanc
615 2185 747 2220 tamen
778 2185 1071 2233 cooptationem
1101 2197 1171 2234 per
1198 2185 1368 2223 tabellas
1399 2195 1543 2222 caveas
1572 2185 1746 2222 eiusdem
1775 2185 1932 2234 generis
1973 2196 2062 2222 esse
2104 2195 2185 2223 cre-

368 2241 440 2280 das
471 2248 588 2294 atque
619 2257 697 2295 qua
723 2247 944 2295 posteriore
975 2251 1105 2285 aetate
1135 2238 1393 2294 imperatores
1423 2247 1586 2295 collegis
1629 2259 1751 2285 novos
1792 2247 1934 2286 fratres
1975 2247 2184 2296 designare

370 2306 564 2354 solebant,
594 2307 701 2357 quod
729 2308 900 2346 coniecit
931 2308 1148 2347 Gemollius
1178 2308 1219 2357 (l.
1249 2321 1280 2346 c.
1311 2321 1348 2358 p.
1379 2308 1457 2357 21).
1513 2309 1618 2347 Nam
1646 2309 1801 2347 etiamsi
1840 2310 1879 2347 in
1921 2310 2101 2360 exemplo
2129 2310 2185 2348 al-

367 2372 454 2406 tero
483 2370 589 2407 solus
620 2369 679 2407 Ti.
713 2369 867 2408 Caesar
908 2371 1051 2409 dicitur
1092 2383 1163 2420 per
1191 2371 1362 2408 tabellas
1396 2376 1623 2420 cooptasse,
1654 2373 1691 2409 in
1719 2372 1843 2410 altero
1871 2378 2000 2410 tamen
2029 2376 2187 2422 praeter

373 2429 586 2469 Caesarem
615 2434 855 2482 Augustum,
887 2434 948 2471 Ti.
982 2433 1209 2482 Caesarem,
1240 2432 1518 2471 Germanicum
1563 2433 1777 2471 Caesarem
1820 2434 1989 2472 Paullus
2029 2444 2186 2484 quoque

367 2493 518 2531 Fabius
547 2494 747 2533 Maximus
777 2502 1118 2543 commemoratur3
1148 2496 1303 2533 videtur
1330 2496 1451 2545 igitur
1478 2497 1593 2534 etiam
1623 2497 1790 2546 privatis
1819 2501 1901 2535 tum
1930 2496 2088 2536 licuisse
2115 2508 2186 2547 per

369 2556 538 2594 tabellas
568 2565 770 2607 cooptare,
811 2570 882 2596 nec
926 2559 1108 2597 maiorem
1151 2559 1225 2596 vim
1260 2558 1449 2597 habuisse
1478 2559 1650 2596 tabellae
1679 2560 1822 2597 missae
1851 2571 1966 2608 quam
1996 2559 2186 2627 suffiagia

369 2630 500 2655 coram
530 2618 636 2659 data.

474 2714 645 2753 Collatis
675 2717 848 2755 elenchis
878 2729 1009 2755 eorum
1040 2718 1106 2767 qui
1136 2716 1347 2754 adfuerunt
1374 2728 1460 2754 eum
1490 2717 1588 2767 ipsis
1623 2717 1918 2768 cooptationum
1959 2716 2074 2765 actis,
2115 2729 2184 2757 eos

370 2777 436 2827 qui
465 2778 758 2827 cooptabantur
785 2780 981 2818 interdum
1008 2781 1084 2818 iam
1112 2779 1189 2829 ipsi
1219 2779 1464 2828 cooptationi
1492 2779 1716 2818 interfuisse
1746 2785 1920 2824 constat;
1949 2785 1994 2818 ut
2023 2778 2069 2819 C.
2098 2778 2183 2819 Sal·

370 2840 455 2877 vius
483 2839 682 2879 Liberalis
714 2840 868 2880 Nonius
897 2842 1062 2890 Bassus,
1093 2842 1158 2892 qui
1188 2853 1291 2878 anno
1321 2839 1368 2879 78
1395 2842 1435 2878 in
1467 2843 1677 2891 collegium
1721 2849 1930 2892 cooptatus
1972 2846 2044 2891 est,
2083 2841 2185 2880 inter

371 2913 439 2939 eos
469 2902 536 2951 qui
565 2902 762 2940 adfuerint
787 2911 1031 2951 recensetur3
1063 2905 1154 2943 item
1185 2916 1208 2940 a
1244 2905 1316 2941 120
1337 2903 1382 2941 P.
1405 2905 1582 2943 Manlius
1615 2905 1758 2944 Carbo.
1796 2905 2027 2944 Notandum
2055 2908 2183 2943 autem

371 2964 592 3002 nominatos
622 2976 690 3003 eos
718 2977 806 3004 esse
834 2967 923 3004 loeo
952 2967 1096 3004 ultimo.
1123 2987 1174 2994 —-
1200 2966 1256 3004 Iis
1286 2978 1306 3004 e
1336 2967 1532 3005 contrario
1563 2969 1628 3018 qui
1664 2968 1848 3007 absentes
1878 2967 2182 3018 cooptabantur,

369 3037 441 3075 per
467 3027 666 3075 publicum
697 3040 721 3065 a
749 3029 1037 3067 commentariis
1066 3029 1234 3066 Arvales
1265 3030 1532 3078 cooptationis
1575 3030 1748 3068 nuntium
1790 3031 1944 3069 misisse
1985 3029 2077 3068 inde
2105 3031 2181 3069 for·

370 3092 479 3126 tasse
510 3089 651 3139 aliquis
681 3091 932 3139 concluserit,
973 3090 1080 3141 quod
1108 3091 1144 3128 in
1177 3091 1276 3129 actis
1306 3091 1398 3129 anni
1423 3093 1510 3140 218,
1553 3093 1694 3143 quibus
1729 3092 1777 3130 de
1806 3092 2059 3142 cooptatioue
2091 3092 2182 3132 Ela-

372 3151 508 3198 gabali
537 3152 679 3200 agitur,
708 3157 801 3202 post
828 3153 985 3191 nomina
1012 3153 1173 3191 frat1um
1204 3154 1269 3203 qui
1298 3153 1509 3193 adfuerunt
1536 3159 1575 3193 et
1603 3155 2008 3194 commemorationem
2049 3155 2181 3194 adcla-

369 3213 554 3252 mationis
582 3215 765 3264 leguntur
793 3214 910 3254 haee:
