2340 3658
378 228 432 272 70
1037 225 1227 262 Sacrificio,
1251 224 1512 261 anniversaria.

381 342 465 400 [69]
849 340 1086 395 k(alendis)
1130 338 1412 397 Ia[n(uariis)]
1460 346 1596 382 cetera
1642 341 1780 394 lapide
1827 341 1966 394 fracto
2009 339 2181 383 interci-

902 411 1047 452 derunt
1065 409 1109 464 ¹).

849 480 872 522 ¹)
897 481 1059 514 videntur
1090 479 1263 523 pertinere
1299 478 1343 512 ad
1368 477 1585 512 consulatum
1613 479 1757 514 Galbae.
1810 479 1936 514 Tamen
1960 480 1999 514 in
2022 480 2069 514 iis
2094 490 2181 523 quae

911 533 1112 570 sequuntur,
1128 527 1230 560 huius
1247 526 1439 570 fragmenti
1454 526 1624 560 rationem
1640 538 1706 560 non
1723 527 1837 569 habui,
1859 539 1932 562 cum
1954 527 2181 571 paucissimae

911 575 982 609 eius
1008 575 1145 608 litterae
1168 574 1356 617 supersint.

483 646 671 684 Fortasse
701 643 924 682 addendum
952 647 1013 681 est
1040 643 1300 692 fragmentum
1328 641 1531 682 CLAVD.
1560 643 1594 682 Ε
1624 643 1715 682 anni
1741 643 1895 693 incerti,
1922 644 1960 682 in
1993 655 2072 695 quo
2100 654 2180 683 ser-

380 712 471 748 vata
499 713 589 747 sunt
617 708 737 746 verba
764 708 828 756 0]b
858 707 1117 754 consulaffl‘am,
1144 710 1287 756 postea
1309 710 1436 743 autem
1457 710 1780 745 commemoratur
1807 708 1998 757 tJemplum
2016 707 2181 756 no[vom‚

380 773 418 809 in
449 783 525 822 quo
554 784 587 810 a.
618 769 663 809 57
706 771 756 808 ob
799 769 1045 808 consulatum
1073 769 1242 807 Neronis
1283 768 1436 807 videtur
1477 768 1739 808 sacrificatum
1766 781 1865 808 esse.
1919 771 2026 809 Fieri
2052 775 2181 810 tamen

378 839 521 885 potest,
550 838 591 872 ut
620 833 670 872 ad
698 845 850 872 sacrum
877 832 1007 883 potius
1037 832 1343 870 anniversarium
1372 831 1421 870 ob
1452 831 1610 869 comitia
1630 832 1854 872 consularia
1872 833 2116 883 pertinuerit.
2133 855 2182 861 -

378 901 481 938 Aeta
508 906 624 948 porro
646 897 835 935 habemus
862 896 1018 944 integra
1045 899 1268 933 actorumve
1295 899 1430 945 partes
1458 905 1525 932 eas
1556 906 1655 944 quae
1685 895 1776 934 anni
1802 896 1952 935 initium
1987 896 2180 946 complec-

376 966 505 999 tantur
543 972 733 999 annorum
774 959 821 998 75
861 957 906 997 77
937 957 982 997 87
1013 959 1061 996 90
1094 959 1164 996 118
1196 958 1279 1007 145,
1321 958 1461 1008 quibus
1502 958 1758 1008 imperatores
1802 959 1930 998 fasces
1974 963 2182 1008 gesserunt

379 1035 504 1074 neque
548 1022 727 1062 kalendis
756 1022 952 1061 Ianuariis
1001 1033 1154 1059 sacrum
1203 1022 1252 1059 ob
1298 1022 1546 1060 consulatum
1591 1027 1652 1060 est
1693 1022 1851 1060 factum.
1907 1022 2021 1060 Unde
2059 1034 2181 1073 appa-

377 1092 437 1125 ret
464 1087 563 1125 hanc
592 1098 746 1137 quoque
777 1085 1063 1133 caerimoniam,
1092 1096 1178 1121 cum
1205 1083 1407 1134 imperium
1445 1084 1496 1122 ad
1524 1085 1686 1124 Flavios
1722 1086 1943 1135 transisset,
1984 1086 2045 1125 vel
2088 1086 2181 1125 abo-

378 1151 487 1189 litam
516 1162 604 1189 esse
635 1150 694 1188 vel
723 1149 886 1188 desiisse
916 1149 964 1188 ab
994 1148 1206 1186 Arvalibus
1235 1148 1274 1185 in
1303 1152 1393 1187 acta
1421 1148 1565 1187 referri.

481 1362 785 1411 Sacrificiorum,
814 1360 955 1412 quibus
985 1360 1033 1399 de
1064 1359 1231 1410 agimus,
1260 1363 1350 1399 aeta
1379 1364 1572 1410 concepta
1599 1364 1689 1399 sunt
1718 1361 1793 1400 sie:

1026 1469 1061 1510 1.
1122 1468 1294 1512 Annus
1326 1472 1372 1512 et
1402 1468 1523 1513 dies.

485 1556 620 1591 Annus
662 1555 701 1590 et
741 1550 837 1599 dies,
879 1549 952 1587 nisi
990 1548 1124 1599 lapide
1159 1548 1299 1597 fracto,
1336 1561 1525 1600 nusquam
1555 1550 1740 1590 deficiunt
1769 1555 1808 1590 et
1835 1551 1999 1601 primum
2030 1563 2183 1602 semper

376 1618 502 1656 locum
529 1616 717 1654 obtinent.
773 1614 942 1652 Praeter
971 1612 1150 1650 consules
1179 1614 1309 1650 autem
1338 1618 1465 1652 aetate
1494 1614 1711 1664 posteriore
1740 1614 1897 1653 nomina
1918 1626 2072 1665 quoque
2100 1626 2180 1654 ma-

377 1681 491 1730 gistri
519 1683 558 1717 et
583 1677 838 1729 promagistri
864 1677 902 1714 in
930 1679 1020 1715 acta
1047 1676 1174 1713 relata
1200 1675 1257 1714 ita
1285 1680 1386 1726 sunt,
1414 1681 1457 1715 ut
1484 1678 1671 1728 temporis
1700 1677 1900 1717 indicandi
1928 1689 2050 1717 causa
2073 1689 2179 1716 usur-

377 1749 472 1794 pata
500 1756 547 1782 ea
573 1754 660 1781 esse
689 1744 834 1791 pateat.
891 1740 1097 1789 Legunt-ur
1122 1738 1240 1788 igitur
1266 1738 1305 1777 in
1334 1739 1431 1778 actis
1462 1740 1538 1779 sio:

377 1818 430 1860 38
448 1818 501 1860 39
514 1816 756 1860 CLAVD.A
767 1814 819 1857 57

493 1886 547 1929 58
577 1886 632 1930 59
663 1886 719 1928 60
873 1850 957 1889 illis
987 1847 1308 1904 eo(n)s(ulibus)
1340 1851 1405 1890 die
1435 1850 1506 1890 illo
1528 1849 1570 1903 ¹).
1632 1863 1634 1865 ·

849 1954 872 1994 ¹)
899 1964 992 1986 anno
1018 1951 1063 1986 38
1088 1952 1247 1986 consules
1272 1954 1376 1987 semel
1396 1960 1580 1997 ponuntur
1605 1954 1663 1987 ubi
1686 1955 1843 1998 primum
1867 1954 2116 1988 nominamur:
2143 1953 2183 1987 de

913 2001 1018 2033 annis
1042 1999 1087 2034 39
1112 2006 1145 2033 et
1170 1998 1294 2034 Claud.
1314 2002 1358 2041 A,
1385 2012 1590 2044 quamquam
1616 2001 1733 2046 lapide
1743 2003 1864 2046 fracto
1881 2013 1936 2036 res
1953 2003 2070 2035 ‘minus
2087 2008 2181 2036 certa

912 2054 972 2090 est,
998 2048 1134 2081 videtur
1159 2053 1273 2081 tamen
1298 2049 1390 2082 idem
1416 2049 1600 2082 dicendum
1626 2060 1709 2083 esse.

381 2121 465 2180 [66]
499 2123 552 2165 69
586 2120 670 2178 [81]
845 2119 929 2159 illis
960 2115 1282 2172 oo(n)s(ulibus)
1320 2118 1388 2158 die
1423 2119 1495 2159 illo
1525 2118 1812 2174 mag(isterio>
1847 2120 1978 2174 illius,
2018 2130 2182 2173 proma-

454 2177 458 2179 ’
903 2186 1075 2241 g(istr0)
1104 2187 1176 2228 mo
1197 2185 1241 2241 ¹).

848 2257 873 2299 ¹)
899 2257 1065 2300 mayister
1099 2262 1129 2288 et
1159 2257 1389 2300 promayister
1422 2257 1460 2290 in
1492 2257 1577 2289 actis
1610 2258 1697 2290 anni
1727 2257 1772 2292 69
1798 2258 1958 2301 proxime
1985 2264 2067 2302 post
2091 2257 2183 2291 diem

912 2308 1081 2337 notantur
1105 2304 1253 2346 exceptis
1279 2305 1366 2337 actis
1392 2304 1487 2337 sacri
1511 2304 1677 2338 celebrati
1701 2306 1742 2338 ob
1768 2305 1858 2339 diem
1875 2305 2018 2348 imperii
2040 2304 2183 2344 Vitellii,

914 2352 952 2384 in
979 2361 1064 2393 quae
1088 2350 1205 2384 relata
1229 2357 1310 2384 sunt
1329 2358 1412 2395 poet
1437 2362 1576 2384 causam
1601 2353 1706 2387 sacri.
1736 2350 1783 2385 In
1801 2354 1888 2386 actis
1900 2363 2008 2395 porro
2025 2353 2110 2386 amn·
2125 2351 2183 2392 81,

913 2398 973 2431 ubi
998 2409 1136 2431 sacrum
1160 2405 1301 2431 notatur
1326 2399 1366 2431 ob
1391 2399 1573 2440 imper-ium
1589 2399 1785 2432 Domitiani
1793 2401 1942 2444 factum,
1968 2401 2040 2433 loco
2066 2399 2184 2444 leqwn-

916 2452 973 2478 ιω·
998 2446 1121 2485 eodem,
1149 2445 1355 2479 omittuntur
1381 2453 1493 2479 autem
1518 2446 1557 2479 i‘n
1582 2446 1723 2488 iisdem,
1756 2447 1816 2481 ubi
1847 2447 1887 2480 ob
1913 2448 2054 2481 comitia
2079 2446 2183 2480 tribu·

913 2492 1008 2526 nicia
1049 2493 1260 2526 immolatum
1301 2504 1372 2526 esse
1418 2493 1561 2526 dicitur.
1622 2491 1669 2527 In
1706 2494 1790 2528 aclis
1827 2495 1975 2537 denique
2021 2494 2109 2528 amn·
2138 2493 2183 2528 66

915 2541 1156 2584 mayisterium
1188 2540 1326 2582 quidem
1358 2547 1566 2574 memoratur
1592 2541 1709 2575 eodem
1735 2542 1806 2575 loco
1832 2554 1897 2585 quo
1922 2543 1960 2575 in
1984 2542 2072 2576 actis
2097 2541 2185 2575 anni

916 2587 961 2621 69
985 2593 1139 2620 notatum
1164 2594 1222 2629 est,
1244 2588 1477 2633 promayister
1502 2595 1625 2630 autem,
1651 2589 1714 2633 qui
1736 2590 1810 2632 ipse
1826 2601 1929 2624 sacra
1945 2589 2051 2634 fecit,
2076 2589 2182 2622 nomi-

914 2635 1036 2668 nativo
1056 2635 1215 2678 ponitur.

1150 2750 1189 2792 2.
1239 2750 1417 2793 Locus.

483 2832 615 2871 Locus
658 2831 732 2870 nisi
772 2829 904 2881 lapide
931 2830 1056 2869 fracto
1092 2841 1290 2881 nunquam
1329 2830 1472 2881 deficit,
1514 2842 1639 2882 neque
1681 2835 1808 2870 tamen
1852 2843 2008 2883 semper
2046 2831 2182 2872 eodem

379 2898 467 2935 loco
497 2897 690 2946 signatur:
719 2895 863 2944 legitur
891 2893 991 2931 enim
1018 2893 1056 2931 in
1085 2894 1184 2932 actis
1214 2905 1401 2933 annorum

379 3001 433 3042 38
447 2999 646 3042 CLAVD·
664 2998 763 3040 ΑΜ
779 2998 832 3040 69
884 2969 1074 3023 proxime
1105 2975 1200 3010 ante
1230 2971 1396 3012 nomina
1428 2971 1596 3012 deorum
1635 2972 1779 3025 quibus
1809 2970 2063 3013 immolatur:
2107 2970 2183 3013 dg..

553 3068 654 3123 (bis)
840 2988 853 3128 ξ
943 3040 1028 3092 ficit
1064 3040 1107 3079 in
1145 3041 1249 3080 actis
1288 3053 1326 3081 a.
1350 3040 1408 3081 38
1439 3041 1495 3081 ad
1524 3042 1750 3093 inyressum
1783 3041 1825 3082 C.
1859 3041 2052 3083 Caesaris
2079 3054 2181 3094 per-

948 3108 1177 3151 timentibus.

382 3176 450 3234 [39
481 3176 551 3234 57]
590 3178 644 3220 58
680 3177 734 3219 59
772 3177 827 3219 60

382 3245 466 3303 [66]
498 3247 551 3290 69
583 3247 634 3289 81
666 3248 827 3298 (semel)

380 3315 431 3358 81
465 3318 623 3367 (semel)
842 3318 980 3360 statim
1005 3324 1101 3372 post
1130 3324 1268 3360 notam
1298 3319 1391 3361 diei.

833 3194 845 3298 ξ
877 3214 1069 3266 promime
1099 3219 1193 3254 ante
1224 3226 1391 3254 causam
1420 3214 1546 3256 sacri.
