2340 3658
325 200 381 243 34
738 168 743 173 -
1051 196 1155 232 Sacri
1182 188 1274 231 deae
1300 195 1394 232 Diae

326 318 481 366 diriqere
507 316 768 352 Mommsenus
797 313 844 351 de
873 313 1014 351 litteris
1044 312 1122 350 dici
1151 311 1295 361 docuit,
1323 314 1368 351 ut
1395 313 1536 350 codices
1558 322 1628 361 per
1657 311 1777 348 orbem
1806 312 1962 364 dirigere
1989 312 2132 362 legitur

325 381 365 418 in
393 378 515 428 gestis
542 378 581 416 in
609 381 747 416 senatu
774 376 880 415 urbis
909 376 1061 415 Romae
1090 375 1138 414 de
1165 374 1392 425 recipiendo
1423 373 1559 412 codice
1579 372 1879 414 Theodosiano:
1906 377 2038 427 itaque
2067 387 2131 414 co-

327 454 444 481 ronas
474 441 652 479 derectas
681 452 752 489 per
779 439 1165 478 commentariensem
1191 437 1478 488 intellegendas
1514 448 1601 476 esse
1629 449 1701 488 per
1726 437 1829 477 hunc
1858 439 2036 489 signatas
2064 451 2132 477 no-

327 505 491 544 minibus
520 504 738 552 Arvalium,
769 503 911 553 quibus
943 503 1120 552 singulae
1149 501 1369 540 destinatae
1399 504 1513 540 erant
1534 499 1572 551 ¹).
1611 501 1769 540 Allatas
1797 503 1925 542 autem
1955 514 2055 553 esse,
2090 507 2133 543 ut

329 579 470 606 nomen
499 568 688 606 citaverat
724 566 856 604 nescio
893 565 980 616 quis
1019 565 1099 603 sive
1128 565 1316 614 magister
1344 565 1425 603 sive
1452 563 1612 613 flamen,
1649 564 1768 603 verbo
1802 565 2000 605 indicatur
2027 564 2134 618 quod

329 635 390 670 est
417 634 554 682 citcvtte.
583 653 630 657 —-
659 629 850 678 Acceptis
881 628 1035 666 coronis
1064 628 1232 667 Arvales
1261 640 1351 667 aras
1381 628 1629 678 contigerunt
1656 628 1728 678 (ita
1755 628 1856 667 enim
1886 629 2135 676 scribendum

329 699 391 734 est
417 706 487 745 pro
517 691 759 743 conteqerunt)
790 696 828 730 et
857 691 951 730 cleas
983 693 1229 731 coronarunt.
1285 691 1340 730 Et
1368 691 1415 729 de
1444 691 1679 730 caerimonia
1698 690 1854 741 quidem
1882 692 2136 743 contingendi

331 771 441 806 aras,
470 757 622 805 fruges,
662 756 792 806 pultes
820 755 859 792 in
887 755 1115 794 enarrandis
1147 755 1270 794 sacris
1300 754 1377 792 diei
1408 754 1523 805 primi
1554 754 1607 804 (p.
1629 753 1691 805 14)
1722 754 1822 793 dixi:
1848 752 1923 795 hoc
1949 756 2038 796 loco
2059 767 2136 796 non

330 822 464 871 liquet,
493 824 619 858 utrum
647 830 736 856 aras
767 817 993 856 sacerdotes
1022 817 1261 866 contigerint
1287 829 1422 866 manu,
1452 829 1501 855 an
1529 817 1704 867 coronis,
1733 829 1831 868 quas
1857 818 1966 869 ipsas
1995 818 2142 858 deinde

332 884 482 922 deabus
511 882 692 921 videntur
723 881 970 931 imposuisse.
1025 882 1085 920 De
1126 881 1201 919 ritu
1242 880 1456 919 coronandi
1496 881 1611 930 signa
1652 879 1812 919 deorum
1851 881 1899 920 cf.
1941 877 2155 921 Marinius'

330 947 381 997 (p.
402 945 505 996 394).
536 945 774 982 Etmmcunc
804 945 874 995 (sc.
901 948 1031 984 aetate
1056 945 1252 995 Scipionis
1277 942 1523 994 Serapionis)
1551 956 1707 982 coronae
1722 945 1872 982 deorum
1885 945 1998 984 honos
2023 951 2137 993 erant,

330 1009 465 1049 scribit
491 1007 641 1046 Plinius
672 1010 720 1052 (n.
739 1009 771 1045 h.
800 1009 862 1055 21,
882 1009 947 1056 113
970 1008 1017 1047 cf.
1038 1009 1099 1055 16,
1116 1009 1176 1056 9);
1205 1014 1236 1046 et
1255 1009 1374 1045 larum
1387 1007 1618 1057 publicorum
1633 1009 1932 1057 privatorumque
1958 1021 2003 1047 ac
2019 1010 2136 1059 sepul-

332 1085 478 1110 crorum
504 1077 536 1108 et
568 1074 751 1117 manium5
790 1071 970 1109 Tibullus
1007 1071 1059 1121 (2,
1080 1073 1116 1120 2,
1137 1073 1159 1110 5
1176 1070 1275 1122 seq.)
1312 1074 1442 1110 autem
1477 1069 1633 1119 genium
1667 1082 1778 1108 suum
1803 1070 1965 1119 invitat,
1992 1072 2038 1110 ut
2062 1073 2140 1122 ‘epse

330 1147 415 1172 suos
442 1135 539 1172 adsit
564 1137 706 1172 visurus
732 1135 905 1181 honores,
938 1137 996 1172 cui
1023 1135 1191 1172 decorent
1216 1141 1362 1173 sanctas·
1387 1135 1515 1172 mollia
1541 1140 1638 1171 serta
1665 1146 1805 1182 coma33
1832 1134 1924 1172 item
1951 1133 2139 1185 Priapum

334 1198 512 1236 coronari
540 1197 698 1236 solitum
728 1209 883 1236 carmen
913 1197 1028 1236 docet
1057 1197 1302 1236 Tiburtinum
1331 1198 1448 1247 genio
1477 1197 1643 1235 numinis
1671 1197 1751 1235 eius
1774 1196 1996 1236 dedicatum
2024 1197 2140 1247 (Bur-

334 1273 448 1299 mann
477 1261 572 1298 anth.
603 1261 688 1298 Lat.
717 1262 752 1309 5,
773 1259 876 1311 219).
906 1282 957 1289 »-
984 1260 1070 1298 Iam
1098 1272 1191 1299 vero
1220 1261 1326 1311 quod
1354 1261 1394 1299 in
1414 1261 1511 1299 actis
1534 1259 1820 1312 antiquioribus
1841 1271 1904 1298 res
1925 1261 1982 1299 ita
2007 1273 2139 1301 narra-

331 1329 404 1373 tur,
434 1329 476 1362 ut
502 1323 685 1373 Arvales,
713 1328 925 1374 postquam
953 1325 1130 1375 perfecto
1160 1324 1351 1363 sacrificio
1379 1329 1464 1364 ture
1493 1327 1532 1363 et
1561 1324 1651 1362 vino
1679 1322 1878 1372 fecerunt,
1908 1323 2040 1362 statim
2076 1335 2138 1363 co-

333 1388 438 1426 ronis
466 1387 597 1426 inlatis
635 1387 842 1426 videantur
877 1387 971 1425 deas
1010 1388 1191 1426 unxisse:
1226 1388 1265 1426 in
1300 1387 1398 1426 actis
1435 1391 1562 1427 autem
1596 1386 1882 1437 posterioribus
1911 1399 1988 1425 non
2017 1387 2141 1428 solum

331 1450 537 1502 praecedit
565 1451 837 1500 unguentatio‚
868 1450 939 1489 sed
967 1451 1231 1501 tripodatione
1260 1452 1377 1490 etiam
1406 1464 1428 1490 a
1457 1451 1710 1489 coronatione
1739 1453 1962 1501 separatur,
1991 1450 2144 1491 videtur

334 1516 389 1553 ita
416 1513 690 1564 explicandum
712 1525 799 1552 esse
819 1517 862 1552 ut
884 1516 1132 1553 statuamus
1122 1528 1160 1554 1n
1180 1516 1278 1554 actis
1301 1514 1585 1566 antiquioribus
1614 1513 1693 1552 illis
1715 1513 1843 1552 ve1bis
1865 1514 2144 1565 comprehendi

334 1590 449 1617 sacra
476 1577 606 1615 omnia
634 1588 734 1627 quae
768 1581 860 1627 post
895 1589 1037 1627 agnam
1070 1579 1307 1618 immolatam
1343 1578 1426 1617 fieri
1466 1578 1665 1628 solebant,
1708 1589 1794 1615 cum
1835 1588 1967 1617 eorum
1995 1590 2144 1618 summa.

334 1645 442 1680 esset
468 1641 626 1679 dearum
655 1640 909 1690 unguentatio
939 1643 979 1680 et
1007 1642 1221 1680 coronatio.

437 1703 622 1754 Sequitur
661 1703 800 1742 electio
841 1704 1019 1754 magistri
1061 1706 1178 1743 annui
1219 1705 1486 1756 flaminisque,
1529 1716 1577 1743 ex
1619 1702 1761 1754 quibus
1803 1703 1910 1754 quod
1950 1703 2143 1743 interdum

336 1770 524 1808 omittitur
548 1768 624 1817 hic,
654 1768 807 1806 videtur
833 1767 1036 1806 brevitatis
1066 1780 1187 1807 causa
1214 1769 1275 1806 vel
1294 1779 1366 1818 per
1385 1767 1675 1817 neglegentiam
1695 1767 1843 1805 factum
1863 1778 1960 1807 esse.
1997 1768 2144 1807 Mentio

337 1838 465 1871 autem
494 1832 696 1870 electionis
725 1831 762 1868 in
793 1830 890 1869 actis
922 1831 1198 1881 superstitibus
1227 1831 1393 1881 primum
1422 1834 1531 1868 extat
1565 1842 1665 1868 anno
1695 1828 1755 1879 87,
1797 1829 1964 1869 necdum
2002 1831 2146 1881 legitur

338 1897 375 1935 in
404 1896 503 1935 actis
546 1908 578 1933 a.
600 1895 647 1932 81
690 1893 854 1943 aliisque
891 1893 1126 1944 quibusdam
1162 1895 1252 1932 anni
1286 1894 1427 1933 incerti
1461 1893 1613 1944 imperii
1647 1893 1870 1933 Domitiani.
1926 1893 2012 1933 Iam
2040 1893 2146 1945 quod

338 1959 524 2008 magister
552 1962 592 1996 et
618 1957 757 1995 flamen
786 1968 835 1994 ex
872 1957 1147 1996 Saturnalibus
1188 1957 1322 2007 primis
1363 1957 1402 1994 in
1431 1956 1655 1997 Saturnalia
1695 1956 1871 1995 secunda
1898 1956 2146 2007 creabantur,

337 2021 524 2060 Marinius
554 2022 607 2071 (p.
630 2020 703 2059 275
721 2021 846 2071 seqq.)
888 2021 987 2058 bene
1028 2021 1212 2070 exposuit
1253 2025 1345 2071 apte
1388 2032 1529 2059 annum
1569 2019 1775 2058 Arvalium
1812 2032 1836 2058 a
1871 2019 2146 2060 Saturnalibus

338 2085 487 2123 initium
514 2083 681 2133 cepisse,
711 2097 797 2123 cum
837 2096 952 2122 sacra
985 2085 1148 2122 fratrum
1176 2084 1381 2122 Arvalium
1417 2084 1468 2122 ad
1496 2095 1613 2133 agros
1641 2083 1886 2133 potissimum
1915 2095 1961 2122 ac
1990 2089 2146 2133 segetes

341 2151 587 2197 spectarent,
618 2146 812 2186 Saturnus
841 2150 970 2186 autem
998 2159 1022 2185 a
1049 2146 1218 2186 serendo
1246 2158 1386 2185 nomen
1415 2147 1586 2185 duceret.
1640 2148 1695 2185 Et
1723 2146 1770 2184 de
1792 2145 1962 2185 Saturno
1990 2145 2147 2198 quidem

339 2210 476 2249 scribit
503 2210 631 2247 Varro
662 2209 701 2259 (l.
721 2210 745 2248 l.
764 2212 798 2259 5,
815 2210 901 2259 64):
930 2223 1044 2260 quare
1073 2212 1173 2260 quod
1199 2211 1337 2247 eaelum
1358 2213 1595 2260 principium,
1623 2211 1668 2247 ab
1695 2214 1778 2247 satu
1805 2216 1855 2248 est
1879 2211 1993 2248 dictus
2019 2210 2147 2249 Satur-

341 2287 408 2312 nus
434 2277 528 2321 cet.;
558 2285 606 2311 ex
635 2273 794 2323 eiusque
822 2286 950 2312 rerum
970 2274 1186 2312 divinarum
1204 2273 1315 2311 libris
1338 2273 1459 2311 refert
1478 2273 1727 2321 Augustinus
1747 2274 1807 2323 (de
1833 2276 1900 2312 cio.
1927 2273 1986 2310 dei
2004 2270 2039 2322 7,
2063 2273 2143 2322 13):

344 2339 525 2376 Saturnus
560 2368 566 2374 .
589 2367 596 2374 .
624 2368 630 2374 .
653 2368 659 2374 .
696 2350 787 2374 unus
815 2339 858 2375 de
879 2338 1110 2388 principibus
1144 2338 1248 2386 deus,
1277 2349 1389 2386 penes
1423 2348 1525 2385 quem
1551 2339 1727 2374 sationum
1757 2339 1914 2374 omnium
1941 2337 2147 2374 dominatus

343 2407 406 2447 est,
434 2404 474 2439 et
501 2399 577 2438 alio
605 2400 694 2438 loco
723 2400 773 2448 (6,
795 2401 850 2449 8):
878 2403 969 2438 sicut
994 2402 1088 2438 «idem
1123 2403 1295 2450 opinatur
1334 2400 1453 2438 Varro
1483 2400 1582 2448 quod
1602 2402 1784 2449 pertineat
1808 2400 1990 2438 Saturnus
2017 2400 2069 2437 ad
2092 2411 2145 2436 se-

340 2467 451 2509 mma,
481 2475 572 2512 quae
599 2465 637 2499 in
663 2469 809 2509 terram,
838 2465 881 2501 cle
910 2476 983 2512 qua
1011 2466 1177 2501 oriuntur
1209 2467 1349 2509 iterum,
1375 2463 1550 2500 recidunt.
1594 2462 1654 2501 cf.
1683 2467 1891 2512 praeterea
1917 2459 2075 2501 Ritschl
2103 2463 2148 2500 de

335 2527 508 2578 fictilibus
535 2527 698 2563 litteratis
732 2526 953 2564 Latinorum
989 2529 1245 2576 antiquissimis
1279 2525 1473 2576 (Berolini
1503 2527 1612 2575 1853,
1627 2526 1667 2575 4)
1701 2538 1738 2576 p.
1759 2527 1781 2564 3
1799 2538 1908 2576 seqq.
1937 2528 2146 2575 ceteraque

342 2602 440 2640 quae
469 2589 517 2627 ab
548 2601 593 2626 eo
632 2589 848 2627 afferuntur
888 2589 1121 2640 scriptorum
1162 2589 1387 2628 testimonia
1426 2588 1602 2639 plurima.
1660 2588 1832 2637 Quorum
1873 2587 2148 2628 auctoritatem

342 2653 450 2690 auxit
476 2656 616 2701 patera
643 2652 771 2690 fictilis
799 2653 850 2692 ab
881 2653 1018 2692 eodem
1055 2653 1136 2692 viro
1165 2652 1312 2703 publici
1339 2652 1433 2690 iuris
1462 2652 1568 2690 facta
1597 2652 1637 2703 (l.
1660 2664 1691 2690 c.
1720 2652 1798 2690 tab.
1829 2664 1864 2690 n.
1892 2653 1950 2700 A;
1980 2651 2018 2691 C.
2041 2653 2074 2691 I.
2098 2651 2148 2691 L.

349 2718 362 2753 l
393 2728 428 2754 n.
447 2716 495 2752 48
526 2719 564 2753 et
590 2716 634 2754 P.
656 2716 702 2754 L.
725 2718 780 2754 M.
808 2716 851 2754 Χ
878 2717 916 2754 A
938 2715 989 2766 a),
1017 2717 1056 2754 in
1085 2728 1163 2767 qua
1189 2727 1326 2754 nomen
1363 2715 1425 2754 dei
1455 2715 1637 2755 scribitur
1664 2716 1739 2754 sic:
1786 2716 2007 2762 Saeturnus,
2044 2713 2148 2753 unde

343 2779 447 2829 apud
476 2780 637 2817 Festum
667 2791 821 2829 quoque
857 2779 902 2828 (υ.
932 2781 1093 2819 Saturno
1122 2793 1158 2830 p.
1181 2781 1254 2818 325
1282 2778 1349 2830 M.)
1383 2779 1486 2817 idem
1526 2778 1582 2817 ita
1617 2778 1856 2816 emendavit:
1897 2780 1960 2828 qui,
1998 2778 2084 2815 deus
2110 2779 2150 2816 in

341 2842 547 2881 baliaribus
580 2843 780 2880 Saeturnus
813 2845 1038 2889 nominatur,
1077 2844 1244 2881 zidelicet
1277 2857 1300 2880 a
1332 2843 1529 2880 sationibus
1557 2841 1622 2892 (cf.
1651 2842 1674 2880 l
1693 2853 1724 2880 c.
1754 2853 1791 2890 p.
1813 2838 1864 2890 7).
1920 2840 2150 2879 Saturnalia

344 2910 471 2942 autem
499 2904 708 2955 Dionysius
738 2904 789 2955 (3,
810 2906 874 2954 32)
903 2917 989 2943 esse
1019 2906 1155 2944 scribit
1182 2902 1347 2955 ἑορτάς,
1380 2900 1429 2949 ἃς
1458 2918 1508 2955 α)
1511 2918 1556 2942 oz
1562 2917 1601 2942 σι
1623 2901 1823 2952 ιΡιι),ιιοιΐοι
1853 2898 1949 2941 καθ’
1979 2900 2151 2942 ἕκαστον

343 2963 539 3012 ἐνἰαυῖοί,
569 2982 667 3005 οταν
696 2961 882 3012 ἅπαντας
909 2981 1004 3012 τους
1031 2967 1073 3006 ἐκ
1100 2969 1173 3019 γῆς
1201 2965 1479 3018 σιγκομίσωσι
1508 2979 1666 3014 καρπυῖ
1672 2979 1713 3012 ς,
1742 2970 1781 3004 et
1801 2964 1977 3005 similiter
1995 2965 2150 3005 Maero-

345 3031 430 3068 bius
459 3031 614 3082 (1,10):
641 3032 735 3069 hanc
763 3032 864 3068 deam
902 3031 1012 3080 Opem
1040 3032 1193 3069 Saturni
1220 3033 1405 3080 coniugyem
1432 3031 1662 3068 credIderunt
1688 3035 1719 3066 et
1745 3029 1826 3066 ideo
1856 3030 1923 3067 hoc
1942 3042 2057 3068 mense
2077 3027 2146 3069 Sa-

444 3176 467 3218 ¹)
493 3176 552 3211 Ne
593 3179 744 3223 propter
785 3177 898 3212 verba
931 3178 1099 3213 Senecae
1139 3178 1212 3223 (qu.
1281 3178 1501 3222 interpreter
1527 3186 1597 3210 non
1624 3175 1659 3209 in
1687 3174 1824 3217 orbem,
1852 3173 1919 3209 sed
1945 3175 1981 3210 in
2007 3175 2146 3222 virgam

346 3243 419 3269 nat.
453 3236 581 3276 1‚1o).·
623 3249 784 3270 coronam
825 3237 857 3270 si
889 3236 1071 3277 diviseris,
1108 3248 1211 3270 arcus
1281 3236 1456 3271 formatas
1474 3236 1623 3276 rectam,
1651 3233 1778 3268 obstat
1795 3232 1892 3279 quod
1920 3233 1973 3269 ita
1997 3244 2069 3270 non
2095 3234 2149 3272 in-

347 3295 433 3336 erit;
457 3295 489 3327 si
515 3294 704 3336 ‹thema-ts,
730 3296 832 3341 virga
858 3304 1013 3330 coronas
1041 3293 1210 3331 derectas
1279 3293 1505 3340 telleguntur
1530 3292 1643 3328 verba
1667 3301 1760 3338 quae
1788 3294 2003 3338 sequuntur.
2059 3285 2068 3289 ³
