2340 3658
326 182 408 225 196

324 322 332 330 .
365 321 516 331 .....
551 299 727 341 κΕμηινε
778 295 1054 338 Al’Ro[N1ANVS]
1107 302 1185 328 cos.

371 365 451 390 cum
477 354 596 401 Nigro
631 353 790 400 quodam
823 354 910 388 117:
950 351 1110 386 fortasse
1139 360 1184 384 ex

370 416 480 457 gente
507 413 676 449 Caninia.

326 496 514 508 ......
542 484 558 507 s
587 471 791 516 REG(VLVS)
819 470 968 515 praetor
993 477 1136 514 peregr.
1153 478 1184 501 a.

372 529 440 565 752
457 531 554 575 fasti
578 543 668 575 may.

326 599 370 622 M.
400 600 560 623 Rosolvs
590 599 745 623 conmvs
773 598 851 623 cos.
878 586 948 622 suf.
975 597 1006 622 a.
1032 585 1076 619 sl
1104 595 1184 619 cum

371 645 412 681 O.
439 647 533 681 Iulio
559 646 726 681 Iuvenali
756 645 826 679 III
847 647 880 682 Ῑι.
898 646 982 688 Apr.
1003 644 1059 679 81.
1098 643 1186 678 Fuit

370 703 518 748 legatus
551 705 710 749 legionis
741 705 940 740 vicesimae
974 703 1010 738 in
1039 702 1183 736 Britan-

371 763 432 797 nia
457 774 489 799 a.
516 765 560 799 69
586 766 622 798 et
649 763 835 798 seditione
862 762 1027 797 excitata
1053 760 1183 796 cohor-

368 821 458 855 tium
494 821 705 867 alarumque
733 821 958 856 Trebellium
985 819 1184 854 Maximum

368 880 530 924 legatum
567 880 781 925 provinciae
812 879 1008 925 profugere
1042 876 1088 911 ad
1114 876 1182 911 Vi-

370 938 513 973 tellium
540 938 665 983 coegit
696 940 776 972 Tac.
804 940 885 972 hist.
912 938 944 980 1,
971 938 1026 973 60.

324 1009 357 1032 L.
385 998 631 1041 RVBELLklvs)
659 998 864 1040 [GEvas]
891 1006 970 1031 eos.
989 1006 1020 1031 a.
1038 995 1083 1030 29
1102 1004 1181 1028 cum

368 1055 408 1090 C.
434 1055 540 1091 Fufio
569 1055 725 1091 Gemino
752 1057 848 1102 fasti
872 1068 983 1100 Μαθη-
1000 1055 1096 1098 fasti
1113 1052 1182 1086 No¹

369 1115 448 1148 lam’
473 1114 504 1147 I.
531 1115 576 1147 N.
604 1115 695 1151 1968
721 1130 766 1143 =
796 1114 854 1148 Or.
887 1113 997 1153 403&
1034 1112 1182 1145 Henzen

366 1173 479 1216 (3854;
506 1174 642 1210 Maras.
667 1174 746 1216 301,
773 1173 814 1208 4:
849 1172 921 1207 duo
950 1170 1095 1207 Gemini
1123 1169 1181 1204 Or.

365 1231 470 1268 4837.

320 1303 341 1325 1.
370 1317 377 1324 .
405 1319 412 1327 .
441 1319 446 1326 .
477 1303 495 1325 ι,
525 1317 532 1324 .
560 1318 568 1324 .
598 1317 604 1323 .
633 1320 640 1327 .
675 1303 792 1326 nvrvs
829 1300 906 1324 cos.
941 1288 1010 1323 suf.
1048 1298 1080 1323 a.
1114 1287 1180 1322 119

367 1360 446 1384 cum
476 1349 514 1385 O.
543 1350 734 1384 Herennio
761 1347 959 1384 Dolabella
986 1348 1070 1383 120:
1111 1356 1178 1380 nec

324 1421 326 1423 ·
368 1407 414 1442 de
441 1408 524 1454 ipso
552 1408 648 1443 Rufo
676 1418 745 1443 nec
773 1407 818 1442 de
845 1409 956 1452 gente
984 1405 1063 1440 eius
1091 1416 1178 1440 con-

370 1469 446 1501 stat

322 1536 356 1558 T.
385 1537 566 1560 erimvs
596 1537 840 1568 Pnormovvs
868 1534 946 1559 cos.
974 1523 1043 1558 suf.
1062 1534 1093 1558 a.
1114 1523 1182 1557 1:20

368 1593 448 1618 cum
477 1584 516 1619 G.
544 1583 718 1619 Publicio
746 1583 925 1618 Marcello
960 1581 1013 1616 VI
1038 1583 1069 1617 λ’.
1097 1581 1179 1614 Iun.

367 1643 445 1679 120.

323 1712 491 1736 sAnmvs
519 1700 616 1738 vide.
645 1714 675 1736 c.
705 1712 906 1736 ocrAvivs

319 1771 350 1794 c,
385 1761 584 1802 SAB[VCIVS
621 1762 744 1794 M'AIOR
786 1755 1060 1804 cAncimAnvs]
1101 1766 1178 1791 cos.

368 1817 436 1852 suf.
464 1829 495 1852 a.
525 1819 591 1854 186
619 1819 702 1854 186:
731 1818 777 1852 cf.
794 1811 933 1851 Marini
951 1816 1083 1858 Arv.p.
1098 1815 1178 1850 428.

365 1877 422 1911 Ex
448 1876 565 1911 titulis
593 1876 672 1911 eius
699 1876 835 1910 Marini
861 1875 885 1909 ἰ,
911 1888 939 1908 c.
966 1877 1004 1908 et
1031 1873 1176 1908 Henzen

366 1935 458 1971 7420
484 1934 534 1980 (C.
562 1935 590 1967 I.
621 1935 661 1968 L.
688 1936 720 1976 6,
754 1935 846 1970 1510
880 1934 988 1977 1511)
1039 1943 1176 1978 cogno-

369 1994 506 2028 scimus
550 2005 630 2028 eum
674 1994 791 2028 fuisse
831 1993 1017 2028 tribunum
1042 1990 1178 2038 plebis,

364 2057 573 2099 praetorem
601 2052 850 2095 candidatum,
870 2055 1075 2086 curatorem
1094 2049 1175 2084 viae

365 2112 532 2147 Salariae
553 2115 589 2146 et
607 2111 871 2153 alimentorum,
898 2109 1091 2144 iuridicuni
1110 2119 1176 2154 per

362 2171 583 2206 Flaminiam
610 2173 648 2205 et
673 2170 874 2212 Umbriam,
902 2168 1064 2213 legatum
1090 2167 1175 2201 iuri-

364 2230 484 2265 dicum
510 2229 724 2276 provinciae
751 2227 980 2270 Britanniae,
1007 2226 1174 2272 praefec-

361 2290 437 2322 tum
464 2289 596 2323 aerarii
621 2288 802 2331 militaris,
829 2287 989 2333 legatum
1017 2283 1177 2330 Augusti

368 2357 435 2393 pro
461 2349 632 2393 praetore
649 2346 863 2393 provinciae
882 2345 1073 2390 Belgicae,
1092 2354 1176 2390 pro-

365 2406 554 2441 consulem
580 2406 793 2452 provinciae
807 2405 988 2447 Achaiae,
1009 2403 1175 2439 sodalem

363 2465 603 2509 Augustalem
633 2464 872 2507 Glaudialem,
900 2463 1102 2499 consulem.

314 2536 356 2560 M.
385 2535 549 2559 SAENIVS
578 2535 760 2559 DONATVS
788 2523 901 2558 frater
925 2522 1076 2558 Arvalis
1106 2522 1176 2556 219

358 2583 428 2619 224
454 2583 521 2618 231
548 2584 647 2619 Alex.
674 2585 717 2619 A.
744 2583 787 2617 B.
813 2583 991 2628 magister
1025 2579 1175 2625 collegii

359 2644 461 2676 Aleae.
490 2642 530 2679 Β.

314 2715 346 2744 Q,
365 2703 610 2745 SALL[vs'r1vs
623 2699 653 2747 ?]
676 2711 752 2736 cos.
773 2700 841 2736 suf.
859 2711 891 2734 a.
910 2700 955 2734 27
974 2700 1071 2744 fasti
1083 2710 1174 2742 may.

313 2772 344 2795 ι».
376 2771 607 2795 SALLVSTIVS
635 2771 804 2794 BLAESvs
831 2759 944 2793 frater
962 2756 1112 2792 Arvalis
1131 2756 1173 2790 77

360 2819 404 2855 78
429 2821 474 2855 80
499 2820 543 2854 81
570 2819 615 2854 86
640 2819 684 2853 87
710 2819 754 2853 89
791 2819 837 2854 90
868 2819 923 2854 91.
979 2817 1109 2850 Domit.
1138 2814 1172 2848 G.

359 2880 502 2913 mortuo
529 2867 686 2912 Matid'io
712 2877 889 2911 Patr-uino
923 2873 1172 2919 magisterium

359 2936 452 2971 obiit
479 2936 542 2977 783
569 2936 742 2981 magister
769 2933 917 2979 collegii
946 2933 1077 2967 iterum
1104 2932 1170 2973 90;

359 2995 488 3030 consul
515 3005 595 3029 cum
625 2993 823 3028 Peducaeo
843 2991 1030 3028 Saeniano
1056 3002 1171 3024 meuse

358 3054 458 3088 Maio
483 3054 547 3095 89;
575 3053 621 3090 Cf.
651 3055 738 3087 Gari
764 3053 794 3086 I.
824 3053 867 3085 E.
895 3051 926 3094 1,
956 3051 1011 3091 75,
1041 3050 1120 3085 213.

312 3126 343 3150 c.
372 3126 558 3150 snomvs
588 3123 780 3148 MA'l‘lDlvs
808 3121 1028 3145 PATRvmvs
1056 3108 1171 3142 frater

357 3173 507 3208 Arvalis
533 3173 570 3207 iu
597 3170 807 3214 magisterio
828 3168 988 3203 decessit
1008 3167 1063 3202 78.
1090 3166 1168 3200 Ma-

357 3232 465 3267 ritum
504 3242 584 3266 eum
624 3230 739 3264 fuisse
778 3228 989 3262 Marcianas
1027 3225 1166 3261 sororis

357 3291 505 3328 Traiani
523 3289 696 3335 Augusti,
724 3292 864 3334 patrem
883 3285 1060 3321 Matidiae
1080 3295 1166 3319 con-

1148 177 1302 212 Privati.

1284 501 1315 525 C.

1328 291 1420 326 iecit
1452 291 1629 324 Marinius
1661 290 1746 326 Arv.
1777 302 1816 333 p.
1851 290 1929 332 158,
1969 289 2143 336 probavit

1332 349 1542 394 Boryhesius
1571 350 1693 382 Giorn.
1727 348 1848 382 arcad.
1877 349 1968 384 1829
1994 357 2015 384 t.
2034 349 2081 384 42
2100 361 2139 393 p.

1330 408 1408 449 187,
1436 419 1516 452 opp.
1543 408 1565 442 3
1586 420 1620 450 p.
1648 406 1727 441 241.

1361 500 1518 523 SALvivs
1563 498 1767 522 manninas
1814 498 1958 522 somvs

1330 547 1442 581 frater
1467 545 1617 581 Arvalis
1656 546 1699 580 78
1725 547 1768 581 81
1803 546 1849 581 86
1880 545 1924 581 87
1958 547 2090 581 Domit.
2117 547 2146 581 0

1330 606 1395 640 101
1425 605 1483 639 Or.
1512 605 1620 647 1170;
1648 606 1846 650 cooptatus
1872 603 1908 638 in
1941 603 2137 649 collegium

1328 663 1498 698 kalendis
1530 662 1675 698 Martiis
1711 663 1775 705 7ὅ;
1813 661 2060 708 promagister
2083 662 2139 699 87.

1329 722 1371 760 O.
1405 721 1550 757 Nonius
1591 721 1735 756 Bassus
1769 719 1916 756 Salvius
1953 719 2139 756 Liberalis

1328 782 1460 816 dicitur
1487 779 1625 814 XIIII
1658 781 1692 813 Ῐῡ.
1718 779 1799 813 Iun.
1825 778 1888 820 873
1919 778 1965 812 P.
1991 776 2138 814 Salvius

1329 842 1400 874 cet.
1427 851 1543 873 errore
1567 838 1641 872 III
1661 851 1740 872 non.
1770 836 1848 871 Ian.
1877 835 1962 878 1013
1990 834 2031 871 Ο.
2057 835 2138 871 Sal-

1327 898 1407 932 vius
1425 897 1612 932 Liberalis
1638 897 1775 931 omissis
1791 894 1990 929 nominibus
2015 897 2138 930 ceteris

1329 957 1372 991 87
1407 957 1591 1001 aliquoties
1630 959 1668 990 et
1709 955 1767 988 Or.
1805 953 1908 988 1171.
1964 951 2137 996 Honores,

1327 1017 1452 1061 quibus
1467 1013 1617 1060 functus
1643 1021 1704 1055 est,
1737 1014 1856 1047 titulus
1884 1011 1942 1046 Or.
1969 1012 2061 1048 1170
2083 1024 2138 1047 re-

1327 1082 1454 1109 censet.
1490 1075 1538 1108 Et
1562 1075 1602 1108 in
1626 1085 1663 1107 eo
1681 1073 1820 1116 quidem
1837 1071 1970 1105 dicitur
1983 1069 2137 1106 allectus

1328 1134 1374 1168 ab
1402 1133 1487 1168 divo
1505 1131 1744 1178 Vespasiano
1771 1132 1810 1164 et
1834 1129 1920 1164 divo
1939 1129 2025 1164 'rito
2041 1129 2138 1164 inter

2005 499 2139 524 BASSVS

1327 1191 1568 1233 tribunicios,
1601 1190 1648 1224 ab
1686 1189 1820 1224 iisdem
1852 1187 2009 1222 allectus
2041 1187 2139 1222 inter

1327 1251 1555 1297 praetorios,
1598 1248 1744 1293 legatus
1788 1246 1946 1290 legionis
1986 1246 2136 1292 quintae

1325 1309 1582 1349 Macedoniae,
1603 1306 1733 1342 consul
1753 1316 1847 1349 anno
1862 1306 2015 1349 incerto,
2034 1305 2136 1350 lega·

1325 1370 1382 1403 tus
1418 1369 1669 1413 Augustorum
1710 1364 1871 1410 [Nervae
1909 1367 1947 1399 et
1984 1363 2137 1399 Traiani

1325 1438 1356 1462 a.
1383 1427 1440 1469 97,
1466 1427 1497 1460 si
1520 1437 1637 1460 verum
1670 1425 1760 1458 vidit
1793 1423 2014 1468 Boryhesiuss]
2051 1433 2135 1469 pro-

1322 1485 1466 1519 vinciae
1494 1483 1720 1524 Britanniae,
1759 1481 1957 1527 proconsul
1983 1481 2131 1527 provin·
2168 1508 2173 1512 .

1324 1545 1404 1580 ciae
1424 1542 1702 1583 Macedonicae,
1724 1545 1823 1575 sorte
1841 1539 2042 1586 proconsul
2061 1539 2136 1574 fac—

1323 1606 1384 1639 tus
1426 1601 1638 1648 provinciae
1681 1599 1797 1635 Asiae
1840 1609 1880 1634 se
1930 1597 2136 1633 excusavit.

1326 1663 1486 1698 Causam
1528 1660 1603 1705 egit
1651 1658 1718 1694 sub
1762 1657 2000 1703 Vespasiano
2042 1655 2136 1690 Suet.

1332 1721 1432 1766 Vesp.
1453 1721 1518 1755 13:
1546 1718 1614 1753 sub
1634 1717 1846 1752 Domitiano
1867 1717 2066 1750 accusatus
2085 1717 2135 1756 et,

1323 1783 1361 1815 ut
1386 1779 1543 1820 videtur,
1570 1777 1757 1819 relegatus
1784 1775 1884 1809 Plin.
1910 1786 1959 1818 ep.
1986 1775 2018 1815 3,
2037 1774 2070 1816 9,
2089 1774 2134 1809 33

1324 1841 1416 1884 (eam
1451 1839 1491 1872 ob
1524 1848 1667 1871 causam
1699 1847 1825 1869 nomen
1863 1835 1937 1867 eius
1975 1833 2069 1867 deest
2099 1832 2135 1865 in

1323 1900 1411 1933 actis
1441 1896 1692 1941 posterioribus
1727 1893 1870 1938 imperii
1900 1891 2135 1931 Domitiani),-

1323 1970 1355 1994 a.
1381 1958 1449 1993 100
1474 1957 1511 1990 in
1538 1956 1668 1990 senatu
1694 1962 1795 1987 reum
1822 1949 1991 1985 defendit
2015 1949 2036 1982 l.
2056 1961 2086 1984 c.
2100 1949 2133 1992 2,

1324 2018 1381 2058 11,
1407 2016 1467 2061 17;
1503 2025 1533 2048 a.
1562 2013 1627 2048 101
1659 2011 1695 2045 in
1731 2013 1861 2045 senatu
1896 2009 1974 2053 agit
1998 2009 2019 2042 l.
2047 2020 2075 2041 c.
2099 2007 2134 2048 3,

1322 2077 1355 2117 9,
1381 2075 1444 2114 36;
1479 2072 1533 2106 vir
1565 2071 1724 2115 disertus
1750 2070 1772 2102 l.
1799 2080 1829 2102 c.
1854 2067 1887 2110 2,
1924 2068 1980 2110 11,
2009 2065 2072 2107 17;
2097 2067 2133 2105 3,

1322 2134 1355 2175 9,
1382 2133 1438 2167 36.
1490 2130 1591 2166 Uxor
1623 2128 1701 2163 eius
1727 2125 1884 2161 Vitellia
1909 2124 2044 2159 Rufina
2073 2123 2131 2158 Or·

1322 2191 1424 2231 1171,
1452 2189 1548 2223 filius
1577 2187 1617 2223 O.
1645 2185 1790 2222 Salvius
1812 2182 2037 2219 Vitellianus
2055 2183 2128 2216 1·ὂῶ.

1324 2249 1379 2284 Of.
1407 2249 1602 2282 Mommsen
1628 2245 1704 2279 ind.
1729 2256 1819 2277 nom.
1846 2243 1894 2276 ad
1908 2242 2007 2275 Plin.
2021 2239 2135 2275 Keilii

1321 2310 1360 2342 et
1391 2307 1561 2352 Borykeei
1597 2306 1721 2339 Giorn.
1747 2301 1873 2336 arcad.
1900 2300 2003 2343 1826,
2032 2300 2079 2335 32
2102 2310 2132 2344 p

1321 2367 1389 2401 163
1414 2376 1521 2409 seqq„
1547 2375 1627 2409 opp.
1655 2363 1677 2398 3
1699 2373 1736 2407 p.
1764 2361 1830 2396 177
1856 2370 1945 2403 seqq.

1334 2471 1490 2496 SALVIVS
1518 2468 1619 2494 orno
1648 2455 1758 2491 frater
1776 2452 1926 2489 Arvalis
1942 2450 2073 2486 flamen
2093 2452 2132 2484 et

1321 2520 1450 2555 eodem
1465 2522 1644 2564 tempore,
1659 2518 1700 2549 ut
1713 2513 1870 2554 videtur,
1885 2508 2131 2557 promagister

1319 2578 1471 2624 collegii
1509 2579 1565 2613 39.
1621 2574 1707 2610 Fuit
1746 2570 1876 2607 consul
1914 2568 1983 2604 suf.
2018 2578 2050 2604 a.
2086 2567 2132 2602 33

1317 2638 1412 2673 Suet.
1442 2637 1560 2671 Galba
1586 2635 1620 2671 6.
1654 2632 1827 2668 Urbanos
1854 2629 2026 2670 honores,
2044 2635 2129 2672 pro-

1320 2696 1551 2731 consulatum
1578 2692 1725 2727 Africae
1764 2691 1802 2724 et
1835 2684 2128 2725 extraordinaria

1320 2755 1474 2801 imperia
1510 2751 1743 2788 severissime
1779 2743 2051 2782 administravit
2080 2743 2130 2777 id.

1320 2814 1396 2849 0172..
1424 2814 1459 2854 1;
1491 2833 1522 2836 --
1559 2811 1651 2844 Post
1687 2807 1849 2842 occisum
1883 2803 2032 2839 Furium
2060 2800 2129 2836 Ca-

1318 2873 1455 2908 millum
1475 2868 1649 2905 rebellem
1678 2866 1738 2909 (cf.
1756 2878 1783 2901 s.
1799 2866 1844 2907 v.)
1862 2863 2009 2906 legatus
2025 2858 2128 2904 (Dal-

1318 2927 1650 2970 matiaevidelicet)
1669 2924 1806 2959 milites
1822 2919 2012 2968 quosdam,
2031 2916 2128 2964 quod

1317 2989 1556 3037 praepositos
1583 2996 1670 3020 suos
1690 2982 1795 3029 quasi
1816 2977 2038 3015 defectionis
2065 2974 2128 3010 ad-

1316 3058 1445 3083 versus
1473 3045 1665 3082 Claudium
1703 3045 1874 3077 auctores
1901 3035 2126 3076 occiderant,

1313 3109 1398 3141 ante
1425 3104 1608 3151 principia
1634 3113 1676 3137 se
1713 3110 1835 3135 coram
1871 3097 1993 3143 capite
2020 3092 2125 3141 puni-

1313 3165 1364 3199 vit
1392 3190 1399 3197 .
1427 3190 1432 3196 .
1461 3191 1468 3199 .
1503 3191 1510 3198 .
1545 3189 1552 3196 .
1583 3171 1668 3196 mox
1716 3158 1877 3204 equitem
1923 3156 2125 3190 Romanum

1313 3233 1441 3259 necem
1460 3220 1615 3258 Claudio
1641 3229 1771 3266 parare
1790 3214 1981 3262 comperit.
2015 3212 2125 3248 Eam-

1314 3293 1383 3328 que
1417 3281 1463 3315 ob
1497 3290 1644 3314 causam
1679 3281 1804 3312 statua
1837 3275 1868 3310 ei
1904 3273 1938 3307 in
1977 3270 2125 3308 Palatio
