2340 3658
289 214 379 241 xxn
1086 193 1299 232 Exordium.

292 315 397 357 actis
436 327 473 356 a.
507 314 580 356 87:
617 313 660 354 in
701 311 911 366 tetrastylo
949 310 1219 353 consederunt
1257 315 1295 351 et
1325 323 1377 351 etc
1405 311 1612 365 sacrificio
1643 310 1798 365 epulati
1825 316 1932 352 sunt.
1962 321 2095 364 sump-

292 386 422 437 tisque
460 383 688 436 praetextis
729 385 805 422 cet.
845 382 901 421 ad
937 386 1177 421 summotum
1207 380 1473 421 escenderunt
1503 386 1541 420 ct
1571 382 1647 422 cet.
1681 379 1781 421 deae
1813 381 1917 422 Diae
1946 393 2094 434 aquam

292 454 468 505 opimam
509 452 791 498 immolarunt,
830 451 1092 502 perfectoque
1133 450 1343 502 sacrificio
1375 452 1451 490 cet.
1482 449 1524 488 in
1555 449 1806 504 tetrastylum
1837 450 2096 490 desciderunt

292 522 427 574 ibique
458 523 534 561 661.
567 521 722 572 epulati
751 524 857 559 sunt.
920 516 1038 568 Quae
1070 529 1162 558 eum
1194 515 1254 557 ita
1284 515 1380 572 sint,
1412 516 1538 559 valde
1570 520 1681 559 certe
1712 517 1948 572 probabilis
1986 517 2096 559 foret

293 587 542 630 Mommseni
574 586 795 639 sententia,
828 585 906 627 nisi
939 585 1156 627 obstarent
1177 588 1272 626 acta
1293 597 1331 626 a.
1357 585 1449 639 183,
1482 585 1526 626 in
1549 585 1700 640 quibus
1721 589 1948 641 postquam
1969 589 2096 628 antea

294 657 492 699 Caesarei
515 654 670 697 mentio
694 654 807 695 facta
829 657 901 708 est,
925 653 1071 708 paullo
1093 655 1190 707 post
1211 658 1562 696 commemoratur
1582 654 1848 710 tetrastylum
1867 654 1911 710 ¹).
1971 652 2095 706 Quod

293 740 383 768 cum
421 726 599 781 primum
641 723 879 764 nominetur
916 722 958 763 in
997 721 1101 763 actis
1139 722 1239 763 anni
1271 722 1338 777 87,
1377 726 1418 764 61
1448 722 1570 764 annis
1609 736 1683 766 sex
1715 728 1813 766 ante
1843 722 2022 766 Arvales
2052 722 2096 764 in

296 795 506 837 Caesareo
554 792 710 848 epulati
752 805 845 834 esse
885 790 1100 843 dicantur,
1147 789 1236 832 fieri
1274 794 1414 846 potest
1448 795 1494 833 ut
1530 791 1636 846 ipsis
1673 792 1842 835 demum
1879 791 1943 835 his
1973 790 2096 833 annis

296 862 564 905 aedificatum
604 862 671 903 sit.
732 860 877 903 Fuerit
915 863 1054 901 autem
1086 859 1350 913 tetrastylum
1388 872 1562 902 necesse
1603 865 1667 903 est
1714 861 1954 904 aedificium
1992 859 2097 904 satis

295 931 502 986 amplum,
548 944 640 973 cum
679 929 904 972 triclinium
944 940 1114 983 quoque
1160 927 1505 982 complecteretur
1526 929 1580 985 ²),
1630 935 1671 973 et
1715 930 1817 973 alibi
1840 930 1871 986 ³)
1915 929 2097 974 Arvales

295 1000 492 1042 dicantur
531 1000 572 1041 in
611 998 834 1053 tetrastylo
871 998 913 1039 in
953 996 1168 1039 subselliis
1206 997 1470 1040 consedisse:
1518 998 1712 1054 pluribus
1749 998 1878 1052 igitur
1907 998 2098 1054 partibus

301 1069 571 1110 consistebat.
604 1094 655 1098 —
688 1067 850 1110 Aedem
890 1067 998 1110 deae
1036 1066 1142 1108 Diae
1180 1066 1222 1107 in
1261 1065 1347 1108 alto
1379 1071 1475 1109 aeta
1505 1067 1732 1123 collocant,
1765 1080 1859 1109 cum
1891 1067 1946 1110 ad
1977 1080 2101 1110 sacra

293 1138 335 1179 in
382 1152 433 1180 ea
471 1137 670 1180 facienda
708 1136 953 1178 sacerdotes
990 1135 1129 1177 lucum
1167 1134 1398 1177 escendant
1437 1135 1712 1191 perfectoque
1752 1136 1958 1179 sacrificio
1998 1135 2099 1178 inde

295 1207 569 1249 descendant.
609 1207 759 1261 Neque
780 1210 920 1248 tamen
952 1205 994 1246 in
1027 1218 1189 1246 summo
1222 1204 1331 1246 colle
1362 1204 1530 1248 videtur
1560 1206 1642 1248 sita
1672 1205 1817 1261 fuisse,
1852 1205 1925 1248 ubi
1957 1204 2101 1248 aedifi·

294 1277 453 1318 ciorum
492 1276 762 1330 antiquorum
810 1274 995 1328 vestigia
1039 1277 1267 1328 supersunt
1310 1273 1446 1328 nulla,
1494 1274 1569 1316 sed
1607 1279 1718 1317 recte
1772 1278 1874 1330 puto
1919 1286 1998 1330 pro
2046 1286 2098 1315 ea

293 1345 439 1387 haberi
462 1344 698 1387 aedificium
721 1343 827 1386 illud
858 1342 1097 1397 rotundum,
1131 1343 1197 1384 6111
1221 1355 1322 1385 casa
1343 1342 1500 1385 rustica
1522 1343 1853 1400 superimposita
1883 1347 1958 1385 est.
2008 1342 2099 1384 Hoc

294 1417 488 1455 accurate
533 1413 792 1455 Lancianius
839 1416 878 1454 61
924 1412 1116 1467 depinxit
1162 1415 1203 1454 et
1247 1411 1492 1467 descripsit,
1538 1426 1618 1455 1166
1663 1413 1868 1455 columnis
1913 1410 2100 1454 ostendit

294 1487 485 1524 ornatum
525 1481 675 1538 fuisse,
713 1481 789 1524 sed
826 1481 1056 1537 parastatis
1096 1480 1258 1523 ordinis
1300 1480 1504 1523 Corinthii
1527 1480 1580 1538 ⁴),
1621 1481 1918 1537 inscriptiones
1957 1484 2098 1523 autem

294 1551 446 1593 affixas
479 1550 612 1592 fuisse
652 1549 708 1592 ad
739 1549 996 1605 stylobatam
1030 1549 1202 1603 collegit
1232 1562 1283 1591 ex
1315 1549 1389 1605 iis,
1424 1563 1534 1605 quae
1566 1550 1619 1593 de
1650 1549 1900 1605 fragmentis
1943 1549 2098 1592 circum

293 1633 434 1662 casam
466 1619 634 1662 effossis
666 1633 796 1675 supra
825 1619 1113 1674 exposuimus.
1175 1618 1481 1674 Inscriptiones
1519 1620 1630 1662 enim
1671 1633 1765 1662 cum
1804 1620 1848 1662 in
1887 1618 1995 1660 aede
2040 1618 2098 1661 vi-

294 1688 474 1730 deantur
504 1688 750 1744 propositae
781 1701 887 1744 esse,
921 1688 1064 1744 quoad
1095 1687 1278 1744 spatium
1303 1688 1552 1731 remanebat
1574 1702 1754 1744 vacuum
1777 1689 1840 1744 (in
1862 1689 1967 1731 actis
1988 1688 2100 1731 enim

295 1758 394 1799 anni
427 1758 498 1813 81,
538 1757 692 1812 quibus
729 1757 910 1812 primum
943 1761 1295 1800 commemoratur
1326 1757 1539 1812 piaculum
1574 1757 1625 1800 ob
1661 1757 1760 1800 ferri
1791 1757 2027 1800 illationem
2059 1761 2100 1800 et

295 1827 517 1868 elationem
556 1826 732 1881 factum,
771 1825 815 1868 id
853 1826 896 1868 in
934 1825 1084 1868 aedem
1124 1825 1278 1868 (11611111
1314 1825 1479 1868 illatum
1518 1826 1571 1869 de
1615 1840 1752 1882 eaque
1784 1826 1940 1869 elatum
1972 1826 2098 1882 esse),

294 1895 533 1938 aedificium
574 1894 801 1937 rotundum
840 1894 941 1950 quin
973 1894 1102 1936 aedes
1135 1894 1243 1937 deae
1274 1894 1327 1937 sit
1357 1894 1541 1937 dubitari
1573 1895 1645 1938 vix
1679 1900 1831 1951 potest.
1892 1894 2012 1947 Quae
2047 1907 2101 1936 ex

295 1978 346 2006 ea
369 1968 597 2020 supersunt
617 1963 823 2018 reliquiae
855 1977 949 2005 611111
980 1964 1140 2006 saeculi
1170 1963 1346 2006 alterius
1376 1963 1501 2006 finem
1531 1964 1700 2006 tertiive
1729 1964 1898 2006 initium
1927 1975 2031 2019 prae
2052 1976 2099 2005 se

295 2034 433 2076 ferant
452 2034 504 2089 ⁵),
544 2047 596 2076 ea
633 2037 771 2075 aetate
804 2032 934 2074 aedes
965 2032 1127 2075 refecta
1155 2032 1209 2074 sit
1238 2045 1413 2075 necesse
1446 2036 1528 2088 est,
1569 2046 1695 2088 quam
1727 2045 1840 2075 anno
1873 2037 1984 2075 certe
2019 2032 2099 2074 183

295 2103 378 2144 iam
409 2116 531 2144 ruere
563 2102 756 2157 coepisse
786 2101 890 2143 ficus
920 2101 1090 2144 videtur
1120 2101 1312 2144 indicare
1342 2105 1443 2143 nata
1473 2101 1516 2143 in
1547 2100 1722 2155 fastigio
1756 2102 1860 2145 eius.

407 2170 473 2212 24.
534 2172 596 2214 De
634 2171 843 2213 Caesareo
882 2170 988 2212 nihil
1025 2169 1128 2212 certi
1166 2169 1264 2212 11661
1300 2168 1513 2212 affirmare
1551 2169 1632 2212 nisi
1678 2169 1917 2212 aedificium
1963 2170 2096 2213 fuisse

295 2238 657 2293 quadrangulum:
688 2239 731 2280 in
763 2238 1018 2281 effodiendis
1050 2239 1162 2281 enim
1194 2239 1342 2294 templi
1373 2237 1595 2281 ruderibus
1629 2238 1870 2292 fragmenta
1891 2239 2098 2281 nonnulla

294 2311 463 2362 reperta
492 2312 590 2350 sunt
619 2308 730 2350 tituli
763 2306 983 2349 cuiusdam
1013 2307 1167 2350 litteris
1197 2307 1395 2349 maximis
1425 2307 1583 2363 scripti,
1608 2308 1679 2362 qui
1701 2307 1756 2350 ad
1779 2311 2098 2350 monumentum

294 2377 522 2418 rotundum
567 2377 823 2432 pertinuisse
869 2376 1027 2431 nequit.
1089 2376 1143 2418 Et
1186 2375 1300 2417 illius
1341 2377 1511 2432 quidem
1553 2389 1702 2419 versus
1738 2376 1898 2431 primus
1945 2376 2095 2419 litteris

295 2444 394 2487 altis
428 2459 480 2487 m.
511 2447 552 2501 0,
589 2446 823 2501 186——O,19
853 2459 1008 2488 nomen
1039 2444 1211 2488 exhibet

1000 2515 1043 2557 M
1059 2513 1367 2558 ·VALERIVS

295 2581 595 2636 Fragmentum
626 2584 804 2627 alterum
834 2582 986 2627 litteris
1018 2583 1116 2629 altis
1147 2598 1200 2626 m.
1231 2585 1271 2641 O,
1305 2583 1386 2625 143
1417 2582 1603 2626 continet
1631 2581 1756 2626 haec:

693 2653 838 2768 2³3}

294 2789 463 2832 tertium
495 2790 646 2834 litteris
677 2790 774 2834 altis
810 2805 863 2833 m.
896 2790 945 2847 O,
972 2791 1067 2850 168,
1099 2803 1207 2848 quas
1238 2788 1320 2834 huc
1348 2789 1598 2836 referendas
1629 2804 1722 2835 esse
1753 2791 1884 2835 sectio
1915 2789 2099 2835 ostendit

294 2857 471 2901 inferior
502 2859 681 2915 lapidis:

370 2930 414 2992 7¹)
442 2952 635 2997 [Equidem
676 2953 833 2988 arbitror
863 2953 927 2988 ubi
964 2957 1093 2998 agatur
1119 2954 1164 2988 de
1239 2965 1346 2999 quam
1381 2955 1453 2996 ita,
1487 2956 1527 2988 ut
1551 2954 1703 2988 alterum
1740 2954 1785 2989 ad
1817 2953 1968 2988 alteram
1995 2952 2095 2988 aedi·

295 3008 413 3043 sacris
462 3009 643 3053 divorum,
686 3010 891 3047 aedificium
942 3012 1162 3047 Caesareum
1232 3011 1304 3047 ficii
1322 3015 1461 3058 partem
1478 3012 1626 3059 proprie
1646 3012 1840 3059 pertineat.
1894 3011 2059 3055 ‘ram

296 3068 527 3113 potissimum
562 3068 760 3115 appellari3
786 3070 847 3104 ubi
874 3073 1005 3115 agatur
1030 3070 1075 3106 de
1101 3082 1159 3106 sa-
1325 3071 1354 3116 ²)
1381 3070 1427 3106 cf.
1454 3071 1500 3105 ad
1528 3074 1611 3106 aeta
1636 3082 1669 3108 6,
1695 3071 1750 3108 87.
1777 3073 1833 3107 90.

295 3126 484 3161 cerdotum
512 3128 643 3172 epulis,
671 3128 882 3174 plerumque
909 3129 1157 3173 tetrastylum,
1323 3128 1350 3172 ³)
1377 3129 1423 3164 cf.
1452 3129 1497 3163 ad
1524 3132 1608 3165 6616
1633 3140 1665 3164 6.
1690 3131 1770 3165 218.

294 3194 411 3229 neque
439 3185 593 3219 offendit
621 3187 752 3231 opinor
777 3187 913 3233 duplex
940 3188 1157 3223 vocabulum
1318 3187 1347 3232 ⁴)
1375 3188 1560 3223 Relazione
1583 3199 1616 3234 p.
1635 3189 1702 3224 105
1715 3197 1838 3233 seqq.;
1865 3185 1940 3221 tab.
1959 3184 2025 3222 IV.
2048 3184 2095 3222 V.

295 3241 331 3275 in
371 3242 499 3278 eodem
540 3244 782 3280 instrumento
818 3245 1039 3290 admissum,
1078 3257 1157 3281 cum
1322 3246 1350 3290 ⁵)
1378 3246 1401 3282 1.
1429 3257 1460 3283 6.
1488 3258 1521 3293 p.
1543 3248 1620 3283 106.

292 3301 508 3347 praesertim
530 3306 753 3350 usurpentur
771 3310 929 3341 nontam
950 3305 1158 3352 promiscue
