2340 3658
1001 210 1222 247 Hadrianus.
1880 221 2010 248 CLXIII

144 328 177 353 ¹³
210 330 255 370 in
283 329 375 369 luco
406 328 508 369 deae
536 328 644 368 Diae
671 327 724 367 Μ.
756 327 945 368 Valerius
966 325 1171 367 Iunianus
1200 321 1523 379 promagfister)
1553 322 1611 363 ad
1639 333 1758 361 aram
1788 321 2014 361 immolavit

869 393 1036 460 [porcas
1063 394 1302 446 piaculares
1322 393 1371 433 ΙΙ
1397 392 1478 432 luci
1508 390 1770 443 coinquiendi
1799 394 1838 429 et
1872 390 2012 442 operis

264 466 473 519 faciundi,
507 465 683 518 ibiqsue)
719 447 929 513 oaccsam)
965 462 1233 504 honorariam
1270 460 1413 503 albam
1459 458 1515 500 ad
1558 457 1739 500 foculum
1773 458 2012 507 immolavit,

622 531 808 600 libiqsue)
837 533 1074 574 sacerdotes
1101 533 1146 572 in
1176 531 1388 584 tetrastylo
1420 529 1691 570 consederunt
1718 533 1757 568 et
1785 540 1838 567 ex
1872 528 2013 567 sacri-

146 631 179 657 ,5
271 606 366 657 licio
398 604 554 658 epulati
582 609 687 644 sunt.
717 604 975 656 sumptisque
1003 601 1236 656 praetextis
1265 605 1306 640 et
1323 600 1488 641 coronis
1516 598 1668 652 spiceis
1696 599 1852 639 vittatis
1881 598 2015 639 lucum

834 671 949 731 {deae
986 671 1092 711 Diae
1130 676 1328 712 summoto
1365 669 1638 710 ascenderunt
1673 673 1711 708 et
1737 680 1814 720 per
1841 667 1896 707 M.
1930 667 2015 708 Va-

269 744 416 784 lerium
445 743 663 783 Iunianum
690 743 1048 794 promaysistrum)
1079 743 1121 780 et
1149 752 1226 795 per
1250 740 1299 782 P.
1327 738 1531 780 Manlium
1560 738 1787 779 Carbonem
1811 736 2017 790 flaminem

816 809 976 875 laynam
1007 811 1184 862 opimam
1213 809 1488 856 immolarunt,
1517 808 1779 861 perfectoque
1806 807 2015 859 sacrificio

269 894 408 922 omnes
437 886 527 921 ture
555 880 652 920 vino
679 879 919 931 fecersunt).
966 878 1120 920 deinde
1151 878 1321 919 coronis
1348 878 1491 917 inlatis
1519 878 1726 930 siqnisque
1753 878 1888 918 unctis
1918 911 1928 919 .
1962 911 1971 919 .
2004 910 2014 918 .

484 946 491 1015 Ι
518 980 1122 990 ...............
1154 961 1206 988 ea:
1236 946 1567 995 Saturnalibsus)
1605 947 1751 999 primis
1786 948 1830 987 in
1858 947 2016 988 Satur-

1677 1014 1805 1083 ]nalia
1831 1016 2016 1057 secunda

267 1089 550 1140 moysistrum)
581 1099 760 1127 annuum
789 1085 1034 1141 fecer(u11t);
1055 1085 1234 1140 ibiq(ue)
1262 1085 1306 1127 in
1337 1087 1548 1141 tetrastylo
1579 1086 1874 1127 discumbentes
1903 1085 2022 1138 apud

535 1154 590 1222 11².
622 1155 853 1196 Cornelium
874 1157 1083 1196 Geminum
1112 1157 1397 1208 moysistrum)
1427 1155 1584 1207 epulati
1612 1161 1719 1196 sunt.
1748 1160 1843 1208 post
1871 1155 2017 1208 epulas

267 1207 525 1274 riciniatsus)
553 1226 767 1274 soliatsus)
798 1228 995 1273 cursona)
1021 1224 1178 1277 pactile
1205 1236 1383 1264 rosacea
1402 1223 1455 1264 M.
1485 1224 1672 1265 Valerius
1690 1225 1893 1265 Iunianus
1910 1237 2018 1276 pro-

478 1293 728 1361 'maqsisterj
757 1299 955 1334 summoto
984 1307 1114 1347 supra
1145 1306 1340 1334 carcares
1360 1293 1547 1333 ascendit
1566 1299 1605 1333 et
1622 1295 1782 1346 siqnum
1803 1293 2018 1347 quadriyis

1422 1360 1470 1428 {et
1500 1362 1775 1404 desultor-ibus
1801 1363 1913 1404 misit
1942 1368 2015 1404 cet.

410 1503 546 1547 isdem
578 1504 892 1555 cosn)s(ulibus)
922 1505 992 1544 ΙΙΙ
1018 1434 1257 1553 Ιςζαὶζηάαε)
1289 1503 1473 1554 Iunsias)

213 1574 256 1614 in
286 1573 448 1614 domimi
479 1576 521 1616 G.
560 1575 688 1616 Vitori
716 1574 865 1615 Hosidi
895 1573 1031 1616 Getae
1062 1572 1212 1615 fratres
1250 1574 1425 1614 Arvales
1466 1573 1525 1614 ad
1553 1574 1913 1615 consummandum
1941 1587 2019 1616 sa-

523 1642 649 1709 'crum
678 1643 781 1684 deae
810 1644 919 1684 Diae
948 1648 1236 1691 convenerunt,
1265 1642 1403 1695 ibique
1431 1643 1539 1683 iuter
1568 1656 1708 1683 cenam
1738 1643 1791 1683 Μ.
1831 1643 2020 1685 Valerius

270 1711 472 1753 Iunianus
499 1714 828 1765 promaqsister)‚
857 1712 901 1752 P.
931 1712 1110 1752 Metilius
1139 1709 1379 1764 Secundus,
1418 1710 1465 1751 P.
1495 1709 1678 1751 Manlius
1709 1712 1844 1752 Carbo
1879 1743 1888 1752 .
1922 1744 1932 1753 .
1965 1743 1976 1753 .
2008 1744 2018 1752 .

374 1795 378 1798 ’
518 1778 524 1846 Ι
530 1812 1008 1822 ............
1042 1786 1132 1820 ture
1160 1782 1258 1837 cino
1287 1780 1486 1832 fecerunt,
1519 1779 1850 1820 ministrantibus
1878 1781 2021 1832 pueris

270 1850 463 1902 patrimis
492 1851 695 1891 matrimis
725 1850 854 1890 isdem
884 1849 955 1903 qui
986 1848 1046 1890 VI
1074 1847 1523 1903 k(alendas)'geasdem
1553 1854 1626 1888 cet.

309 1974 353 2010 P.
379 1973 540 2008 Manlius
565 1973 716 2017 [carbo]
742 1975 789 2018 (v,
804 1975 863 2015 16)
890 1984 968 2008 cum
988 1985 1083 2008 anno
1151 1973 1263 2008 latum
1289 1973 1579 2008 administravit:
1621 1974 1747 2018 itaque
1779 1972 1871 2008 nihil
1902 1973 2022 2007 restat

216 2032 286 2068 120
302 2031 397 2066 inter
410 2031 570 2066 Arvales
589 2035 787 2077 cooptatus
805 2032 865 2074 sit,
887 2032 932 2066 ad
953 2043 1083 2066 annum
1152 2033 1224 2066 nisi
1249 2036 1289 2066 ut
1312 2032 1396 2077 ipso
1421 2042 1518 2066 anno
1545 2032 1613 2067 122
1630 2043 1711 2066 enm
1725 2031 1917 2066 credamus
1933 2040 2021 2064 eon-

214 2090 458 2136 posteriorem
491 2090 695 2135 fragmenta
718 2080 922 2136 pertinen&
959 2094 1086 2125 contra
1151 2091 1267 2125 su'lem
1285 2090 1403 2125 fuisse
1421 2090 1678 2136 depositisque
1696 2089 1863 2124 fascibus
1895 2089 2021 2123 statim

217 2148 265 2182 A.
289 2147 448 2183 Larcius
475 2147 644 2190 Macedo,
686 2158 768 2184 cum
799 2149 944 2194 legatus
977 2149 1084 2184 fuerit
1152 2149 1377 2196 provinciam
1426 2149 1583 2194 petisse.
1654 2148 1746 2183 Inde
1802 2145 2023 2191 corrigenda

218 2204 480 2252 Cappadociae
506 2217 539 2241 a.
563 2206 633 2242 122
655 2206 718 2249 (cf.
748 2207 783 2240 0.
812 2206 845 2242 Ι.
876 2206 920 2240 L.
945 2209 979 2249 3,
1004 2209 1085 2244 310.
1153 2219 1246 2254 quae
1273 2208 1408 2254 scripsi
1432 2208 1554 2244 Relaz.
1579 2207 1603 2242 l.
1629 2217 1660 2243 c.

215 2264 305 2305 313;
338 2263 433 2299 Ball.
458 2265 541 2299 inst.
565 2264 661 2300 arch.
686 2264 777 2300 1862
801 2276 836 2311 p.
862 2266 934 2308 68),
959 2266 1089 2311 nequit
1248 2265 1508 2310 Fragmentum
1545 2280 1567 2311 y
1604 2263 1899 2309 coniungendam
1937 2273 2022 2297 esse

218 2325 308 2367 post
329 2321 424 2357 hunc
461 2333 592 2358 annum
624 2322 750 2358 fasces
783 2322 961 2366 gessisse.
1010 2324 1086 2358 Iam
1155 2333 1237 2357 cum
1262 2324 1281 2356 b
1305 2323 1392 2358 mihi
1420 2326 1522 2358 certe
1547 2323 1695 2358 dubium
1727 2333 1800 2357 non
1838 2324 1908 2363 est,
1934 2321 2024 2355 licet

215 2389 306 2433 'vero
331 2389 378 2414 ex
402 2381 499 2416 actis
524 2381 611 2416 anni
636 2381 704 2417 120
736 2380 975 2416 innotuerunt
999 2392 1085 2416 con·
1156 2392 1179 2415 a
1202 2381 1385 2427 principio
1409 2393 1465 2416 vv.
1489 2382 1513 2418 3
1538 2385 1577 2416 et
1598 2382 1623 2417 4
1646 2382 1811 2426 integras
1825 2380 2022 2415 Melchior-

219 2437 332 2480 eules,
374 2438 436 2484 qui
471 2449 567 2474 anno
617 2440 683 2474 121
726 2438 850 2473 fasces
892 2442 1088 2474 tenuerunt
1155 2439 1231 2474 rius
1268 2439 1445 2474 exhibeat
1484 2439 1629 2474 litteras
1666 2439 1686 2474 I
1726 2442 1765 2474 et
1789 2441 1831 2479 T,
1873 2447 2021 2483 quarum

219 2495 370 2530 nundini
395 2496 488 2538 eine,
507 2507 578 2541 quo
604 2496 763 2531 Macedo
784 2506 929 2541 quoqne
955 2506 1087 2532 consu·
1155 2499 1282 2542 partes
1308 2501 1507 2543 supersunt
1532 2498 1567 2532 in
1595 2498 1802 2541 fragmento
1829 2498 1858 2531 b.

1676 3353 1764 3394 11*

2060 333 2089 351 a.
2114 326 2164 350 12⁴1
