2340 3658
889 209 992 245 Vota
1016 207 1319 244 extraordinaria.
1914 209 1994 252 125

199 324 349 364 Vitellii
388 337 474 364 cum
510 325 797 375 immolaretur,
838 324 992 364 omissis
1035 323 1136 362 divis
1174 325 1303 373 gentis
1344 323 1468 363 Iuliae
1504 327 1544 362 et
1580 321 1773 362 Claudiae
1816 322 1870 372 (p.
1903 325 1994 371 1213

199 388 249 427 cf.
278 388 363 437 104,
392 386 481 437 107)
509 388 646 427 addita
672 393 763 428 sunt
788 394 880 427 vota
906 388 993 426 Iovi
1019 387 1167 435 victori,
1194 387 1312 426 Marti
1345 387 1471 435 ultori,
1500 385 1625 425 Genio
1654 386 1850 434 Caesaris,
1877 397 1996 436 porro

89 423 114 470 'y‘
154 499 157 502 Ι
203 450 414 499 Felicitati,
452 455 496 489 ut
536 450 701 500 videtur,
741 456 781 490 et
808 451 935 490 Genio
969 450 1109 501 populi
1135 449 1315 489 Romani.
1359 449 1544 490 Similiter
1571 460 1657 487 cum
1682 459 1754 498 pro
1782 448 1886 486 bello
1914 449 1994 486 Do-

197 513 346 552 mitiani
370 513 522 552 Dacico
562 518 655 552 vota
693 513 845 562 fierent,
885 518 1043 564 praeter
1081 513 1239 552 numina
1269 513 1498 564 Capitolina
1535 517 1575 551 et
1608 510 1783 551 Salutem
1822 510 1994 549 invocati

197 580 288 615 suut
301 576 422 624 Mars,
450 576 636 625 Fortuna,
665 576 846 615 Victoria
871 577 1008 625 redUX,
1025 576 1177 615 Genius
1206 578 1345 628 populi
1363 577 1545 625 Romani,
1573 570 1730 614 numina
1757 574 1908 613 scilicet
1935 585 1994 623 ea,

197 650 362 691 quorum
388 638 533 677 auxilio
562 639 614 677 ad
642 639 783 677 bellum
812 639 990 678 feliciter
1006 639 1220 688 gerendum
1248 641 1416 680 maxime
1444 651 1545 690 opus
1572 642 1667 676 erat.

298 712 400 752 Item
428 725 515 751 cum
542 713 592 752 ad
621 713 787 771 priorem
831 713 1119 763 expeditionem
1147 715 1336 754 Dacicum
1365 715 1560 753 Traianus
1600 706 1916 764 proficisceretur
1956 716 1996 751 et

196 775 294 814 mari
318 775 393 814 iter
405 775 590 817 ,facturus
619 768 736 824 esset,
765 779 806 813 ut
834 775 932 813 deus
959 787 1114 827 quoque
1134 778 1252 816 maris
1280 781 1423 827 potens
1442 777 1691 814 invocaretur
1709 786 1871 813 necesse
1898 779 1993 814 erat.

198 839 299 877 Tum
338 838 438 876 enim
467 843 560 876 vota
586 842 781 888 concepta
807 843 899 877 sunt
925 839 1146 879 numinibus
1174 840 1423 890 Capitolinis,
1453 838 1583 878 Saluti
1618 838 1674 876 rei
1701 837 1884 888 publicae
1922 850 1992 888 po-

196 902 280 954 puli
307 902 490 950 Romani,
517 902 640 940 Marti
666 902 782 952 patri.
821 904 1088 947 Accesserant
1116 906 1245 941 antem
1272 902 1359 939 Iovi
1386 902 1489 952 patri
1518 902 1666 951 optimo
1694 902 1863 940 maximo
1886 902 1995 940 Iovis

197 966 345 1014 ricton
384 965 508 1003 Marti
534 965 648 1015 patri,
675 963 874 1002 fundatori
903 965 1053 1003 scilicet
1080 965 1208 1014 gentis
1236 964 1454 1013 Romanae,
1482 964 1594 1003 Mars
1636 964 1763 1002 victor
1803 965 1995 1002 bellorum

196 1033 357 1080 potens;
396 1032 555 1078 praeter
594 1026 815 1065 Victoriam
856 1027 995 1066 deinde
1036 1028 1331 1078 Fortunamque
1375 1027 1558 1066 reducem
1603 1028 1836 1066 invocantur
1879 1027 1995 1065 etiam

197 1091 327 1131 Vesta
354 1096 477 1130 mater
504 1102 654 1129 summa
680 1090 788 1128 urbis
818 1089 1034 1141 domusque
1062 1095 1196 1129 custos
1238 1095 1277 1129 et
1319 1090 1394 1128 dea
1418 1090 1611 1138 tutelaris,
1644 1090 1852 1141 Neptunus
1880 1094 1996 1140 pater

196 1155 314 1194 maris
333 1155 533 1202 dominus;
562 1153 728 1203 denique
749 1153 943 1191 Hercules
963 1153 1100 1203 victor,
1129 1153 1194 1204 qui
1218 1154 1446 1204 triumphalis
1463 1160 1615 1192 vocatur
1642 1161 1747 1204 atque
1772 1166 1842 1204 per
1869 1156 1994 1191 trium-

191 1219 286 1269 phos
309 1221 458 1256 vestitur
483 1218 606 1255 habitu
633 1217 844 1266 triumphali
870 1216 993 1267 (Plin.
1022 1230 1057 1254 n.
1085 1217 1118 1255 h.
1147 1217 1209 1266 34,
1237 1216 1316 1267 33).
1370 1217 1432 1255 De
1468 1217 1619 1255 decima
1654 1217 1898 1268 temporibus
1928 1229 1994 1254 an-

173 1281 315 1332 ftiquis
343 1281 379 1319 ei
407 1285 641 1320 consecrata
667 1280 715 1318 de
744 1279 904 1329 eiusque
933 1279 1039 1317 cultu
1068 1279 1288 1329 posteriore
1328 1280 1445 1318 etiam
1471 1281 1623 1331 imperii
1665 1285 1794 1318 aetate
1837 1283 1995 1318 servato

197 1345 246 1383 cf.
273 1356 375 1382 nunc
402 1345 616 1382 Mommsen
645 1344 683 1382 C.
711 1344 746 1381 Ι.
775 1343 824 1380 L.
856 1343 874 1379 l
904 1354 942 1392 p.
974 1343 1057 1381 149.
1111 1342 1294 1381 Ceterum
1322 1343 1561 1382 conferenda
1597 1348 1688 1381 sunt
1727 1354 1774 1381 ea
1814 1354 1915 1393 quae
1944 1342 1994 1380 de

197 1406 399 1446 sacrificiis
439 1408 491 1445 ob
531 1407 734 1445 victoriam
761 1404 1036 1443 Germanicam
1064 1406 1253 1444 Antonini
1282 1405 1417 1445 Severi
1444 1406 1469 1444 f.
1498 1406 1537 1443 iu
1570 1410 1661 1444 acta
1687 1417 1722 1444 a.
1752 1407 1828 1444 213
1868 1405 1996 1444 relata

198 1474 292 1509 sunt
330 1469 384 1520 (p.
415 1471 474 1509 81.
505 1469 582 1520 86).
636 1468 700 1507 Ibi
727 1468 827 1506 euim
867 1468 1091 1507 immolatur
1119 1469 1338 1507 numinibus
1366 1469 1505 1507 iisdem
1533 1469 1607 1507 nisi
1635 1469 1741 1519 quod
1769 1480 1841 1519 pro
1869 1469 1997 1507 Marte

196 1534 359 1580 victore,
397 1533 569 1571 Hercule
611 1537 649 1570 et
684 1531 872 1582 Neptuno
911 1530 1039 1572 ‚Lares
1081 1532 1159 1569 duo
1200 1532 1387 1570 militares
1429 1544 1476 1570 ac
1518 1531 1668 1570 Genius
1709 1531 1898 1582 principis
1938 1532 1994 1569 in·

194 1602 410 1645 vocantur,
454 1596 545 1634 item
590 1607 662 1646 pro
707 1594 838 1633 Vesta
882 1599 1003 1632 matre
1051 1595 1149 1632 Iuno
1198 1595 1322 1634 Iuliae
1370 1597 1577 1644 Augustae
1629 1595 1763 1633 matris
1809 1595 1994 1644 Augusti.

195 1659 369 1699 Numina
406 1660 526 1710 igitur
567 1663 657 1697 sunt
695 1657 898 1706 duodena,
944 1657 1027 1695 seni
1070 1657 1124 1696 dii
1165 1657 1339 1708 deaeque
1379 1670 1518 1707 senae,
1558 1659 1700 1709 quibus
1739 1659 1835 1697 belli
1873 1670 1997 1697 causa

197 1735 351 1762 sacrum
394 1723 449 1771 fit,
494 1727 536 1762 ut
580 1726 687 1760 recte
732 1721 883 1759 notavit
920 1721 1187 1760 Mommsenus
1235 1721 1478 1771 (Grenzboten
1520 1721 1616 1760 1870
1661 1724 1678 1760 1
1720 1735 1758 1772 p.
1802 1720 1903 1771 174).
1946 1743 1997 1749 -—

197 1785 369 1825 Restant
413 1779 507 1824 vota
555 1796 661 1823 anno
705 1785 753 1822 66
796 1788 1025 1833 nuncupata
1068 1788 1108 1822 et
1147 1785 1278 1823 soluta
1322 1784 1373 1822 ob
1419 1784 1578 1830 detecta
1627 1785 1860 1823 nefariorum
1904 1795 1996 1822 cou-

197 1848 304 1888 silia:
341 1860 432 1888 nam
472 1848 537 1887 vix
574 1847 728 1886 videtur
765 1847 879 1886 aliter
917 1846 1108 1901 explicari
1145 1859 1264 1897 posse
1304 1848 1445 1885 iterata
1469 1847 1527 1885 rei
1552 1847 1726 1886 eiusdem
1766 1859 1997 1886 commemo-

187 1899 299 1951 'ratio
325 1912 470 1951 nisi‘ut
495 1911 624 1961 primo
659 1910 816 1949 detecta
842 1909 1007 1948 necdum
1046 1921 1239 1960 oppressa
1280 1910 1548 1948 coniuratione
1589 1915 1784 1961 concepta
1819 1911 1995 1949 dicamus

197 1987 287 2014 esse
314 1980 419 2024 vota,
447 1986 548 2025 quae
575 1977 718 2025 postea
742 1973 900 2012 reddita
927 1976 1028 2011 sunt.
1083 1973 1138 2010 Et
1176 1972 1275 2012 haec
1318 1973 1473 2023 quidem
1515 1979 1607 2011 vota
1646 1978 1804 2023 praeter
1840 1973 1997 2011 numina

195 2049 343 2088 magua
364 2037 593 2088 Capitolina
621 2038 776 2088 aliaque
797 2036 997 2085 nonnulla,
1027 2047 1190 2086 quorum
1216 2037 1361 2074 mentio
1391 2038 1519 2075 fracto
1545 2036 1678 2086 lapide
1703 2036 1915 2084 intercidit,
1943 2035 1996 2074 ad

198 2102 371 2141 Martem
409 2101 608 2152 pertinent
648 2106 688 2139 et
726 2099 1039 2147 Providentiam,
1068 2100 1160 2137 item
1196 2099 1248 2137 ad
1276 2100 1491 2148 Honorem,
1518 2099 1804 2137 Aeternitatem
1831 2098 1995 2148 imperii,

197 2163 363 2203 Genium
391 2164 573 2214 denique,
600 2168 643 2202 ut
663 2163 826 2211 videtur,
852 2162 1054 2212 principis.
1095 2163 1154 2200 De
1174 2162 1424 2201 Aeternitate
1452 2162 1603 2212 imperii
1630 2162 1679 2200 cf.
1696 2173 1797 2212 quae
1825 2161 1877 2199 ad
1903 2165 1996 2199 vota

196 2227 383 2266 adnotavi
407 2239 480 2278 pro
507 2226 732 2279 Domitiano
758 2227 942 2275 Augusto
957 2237 991 2263 a.
1009 2225 1045 2263 d.
1061 2224 1127 2262 XI
1143 2225 1330 2263 kalendas
1347 2225 1587 2265 Februarias
1604 2229 1829 2275 nuncupata
1845 2237 1882 2274 p.
1901 2225 1993 2271 111;

198 2290 479 2329 Providentiae
504 2290 744 2328 immolatum
772 2293 833 2327 est
861 2299 962 2326 auno
989 2289 1051 2335 59,
1080 2299 1167 2325 cum
1194 2300 1266 2338 pro
1295 2290 1420 2327 salute
1447 2288 1616 2327 Neronis
1636 2287 1817 2326 Caesaris
1846 2288 1992 2337 suppli-

197 2353 375 2392 cationes
414 2353 552 2392 fierent
589 2353 643 2403 (p.
672 2352 752 2403 84),
791 2352 882 2390 item
919 2361 1024 2389 anno
1067 2351 1116 2388 69
1156 2351 1207 2388 ob
1247 2351 1499 2401 adoptionem
1535 2350 1620 2389 Ser.
1649 2349 1814 2400 Sulpicii
1841 2349 1995 2388 Galbae

199 2415 386 2456 Caesaris
428 2414 483 2466 (p.
525 2416 611 2466 86):
659 2428 728 2454 ara
771 2419 899 2454 autem
944 2413 1227 2452 Providentiae
1267 2415 1477 2463 Augustae
1522 2418 1756 2452 memoratur
1803 2425 1904 2451 anno
1944 2414 1993 2451 38

195 2480 251 2530 (p.
280 2478 347 2528 75)
386 2479 616 2528 incertoque
657 2477 827 2528 quodam
870 2487 972 2514 anuo
1009 2475 1255 2526 imperatoris
1285 2475 1460 2524 Claudii3
1503 2476 1785 2515 Providentiae
1826 2475 1993 2526 denique

195 2541 353 2580 deorum
392 2553 464 2591 pro
500 2541 625 2579 salute
654 2538 858 2579 Commodi
900 2538 1117 2577 immolatur
1143 2551 1179 2578 a.
1210 2540 1280 2577 183
1322 2538 1386 2589 (cf.
1429 2543 1519 2578 acta
1549 2539 1685 2577 horum
1727 2550 1916 2576 annorum
1956 2543 1995 2577 et

193 2617 233 2655 p.
262 2604 364 2655 112).
417 2605 465 2642 In
506 2603 668 2642 nummis
702 2613 820 2651 saepe
859 2601 1030 2639 occurrit
1057 2601 1316 2640 Providentia
1356 2607 1396 2640 et
1434 2602 1663 2652 simpliciter
1702 2601 1808 2640 dicta
1847 2606 1886 2640 et
1912 2603 1992 2639 Au-

1 2647 7 2680 s
77 2683 79 2686 ⁴
143 2704 151 2710 ,
194 2672 313 2718 gusta
339 2667 595 2716 deorumque:
636 2662 914 2703 cf.Eckhe18
954 2664 1072 2702 index
1110 2665 1407 2715 inscriptionum
1447 2677 1485 2715 p.
1514 2666 1601 2714 549,
1642 2669 1681 2703 et
1720 2664 1768 2703 de
1801 2666 1890 2714 ipsa
1917 2664 1993 2702 dea

141 2774 144 2778 ⁴
195 2729 342 2769 Marini
374 2741 414 2780 p.
440 2731 488 2768 80
522 2732 562 2767 et
595 2727 747 2766 Preller
773 2727 819 2766 R.
850 2728 963 2777 Myth.
998 2739 1036 2777 p.
1065 2729 1139 2765 630
1175 2728 1236 2766 ed.
1267 2730 1299 2766 1.
1333 2751 1383 2757 ——·
1420 2729 1481 2766 De
1509 2727 1671 2766 Honore
1698 2727 1746 2767 cf.
1775 2727 1876 2765 idem
1903 2727 1928 2766 l.
1958 2739 1990 2765 c.

195 2805 235 2844 p.
263 2794 348 2832 613.

294 2865 491 2905 Victimae
517 2864 767 2903 immolantur
795 2864 975 2913 singulae
1002 2865 1220 2902 numinibus
1262 2865 1438 2914 singulis,
1480 2869 1647 2915 excepto
1676 2877 1779 2903 auno
1806 2864 1869 2913 37,
1913 2875 1990 2914 quo

195 2929 245 2968 ob
285 2929 534 2968 securitatem
572 2931 610 2966 et
650 2928 814 2966 salutem
842 2926 903 2964 Τί.
933 2926 1118 2966 Caesaris
1158 2927 1280 2966 boves
1322 2940 1448 2967 mares
1477 2927 1555 2966 duo
1582 2928 1670 2966 Iovi
1708 2927 1987 2966 sacrificantur.

194 2992 296 3032 Item
322 2991 485 3030 Herculi
511 2989 651 3029 victori
677 2990 727 3028 ob
762 2990 1044 3040 prosectionem
1073 2990 1233 3028 Traiani
1268 2990 1320 3043 ad
1354 2991 1521 3041 priorem
1557 2990 1845 3040 expeditionem
1872 2989 1988 3028 Daci—

0 3045 13 3091 ξ
60 3049 69 3075 ³·
132 3096 133 3100 ,
194 3066 279 3094 cam
307 3058 423 3093 tauris
450 3053 591 3092 dicitur
617 3053 856 3091 immolatum
883 3064 991 3091 esse:
1020 3053 1091 3091 sed
1118 3065 1207 3091 cum
1233 3054 1373 3092 ceteris
1403 3054 1477 3093 diis
1510 3054 1686 3092 omnibus
1717 3052 1881 3102 singulis
1910 3053 1988 3090 vic·

192 3117 296 3156 timis
323 3129 478 3156 sacrum
504 3117 652 3155 factum
679 3115 742 3165 sit,
766 3115 922 3154 videtur
948 3127 1077 3154 errore
1106 3115 1347 3166 quadratarii
1386 3117 1549 3167 pluralis
1590 3128 1663 3167 pro
1704 3115 1892 3165 singulari
1917 3126 1986 3152 nu-

194 3191 301 3219 mero
328 3180 482 3232 positus
509 3189 610 3218 esse.
