2340 3658
483 1030 535 1090 (J.
578 1027 854 1091 CAESAR
894 1028 1263 1090 AUGUSTUS
1305 1027 1765 1092 GERMANIGUS.

1097 1212 1136 1240 a.

219 1286 271 1328 M.
302 1286 455 1341 Aquila
483 1286 662 1335 Iuliano,
693 1286 737 1327 P.
768 1285 904 1326 Nonio
932 1284 1164 1337 Asprenate
1193 1286 1531 1336 cosnjssulibusL
1562 1285 1603 1327 C.
1637 1285 1793 1327 Caesar
1820 1285 2028 1338 Auqustus

277 1357 544 1408 Germanicus
588 1357 823 1408 ma9(ister)
856 1355 1076 1407 fratrsum)
1117 1354 1372 1406 Arvalsium)

423 1429 556 1474 asnte)
594 1425 740 1474 (istem)
769 1424 840 1464 III
866 1426 1039 1473 nonsas)
1070 1424 1350 1474 Ianuar(ias).

222 1494 382 1535 Taurus
412 1494 604 1535 Statilius
635 1493 837 1535 Corvinus
869 1493 1186 1546 promaqsister)
1223 1494 1384 1547 colleyii
1411 1494 1592 1547 fratrum
1620 1493 1838 1535 Arvalium
1865 1494 2027 1534 nomine

276 1570 375 1606 vota
410 1564 662 1617 nuncupavit
695 1576 775 1616 pro
813 1563 948 1603 salute
984 1562 1026 1603 C.
1066 1562 1260 1604 Caesaris
1299 1564 1471 1616 Augusti
1510 1564 1744 1604 Germanici
1776 1565 2024 1617 pontsisicis)

275 1634 490 1683 maoesimi)
523 1632 788 1682 triamnicia)
823 1635 1064 1686 potsestate)
1101 1632 1363 1683 cosnjssults)
1396 1634 1573 1685 psatris)
1607 1634 1814 1686 psatriae)
1849 1634 2026 1674 victimis

278 1702 489 1742 inmolatis
520 1703 566 1742 in
605 1701 829 1755 Capitolio,
871 1715 976 1756 quae
1004 1703 1236 1755 superioris
1266 1702 1365 1742 anni
1393 1703 1588 1754 mayister
1615 1708 1798 1752 voverat,
1826 1704 2026 1755 persolvit

277 1777 314 1811 et
342 1772 386 1811 in
412 1772 647 1824 proximum
676 1784 828 1812 annum
856 1772 1130 1824 nuncupavit,
1157 1776 1358 1825 praeunte
1389 1801 1949 1814 ..............
1980 1773 2023 1813 in

275 1841 418 1881 eadem
445 1840 572 1882 verba
601 1853 706 1894 quae
734 1840 850 1892 infra
877 1842 1036 1893 scripta
1063 1846 1178 1882 sunt:

217 1908 406 1962 Iuppiter
434 1911 624 1962 nonime)
659 1910 897 1958 mma-ime),
934 1911 973 1949 si
1010 1910 1052 1951 G.
1086 1910 1240 1951 Caesar
1269 1909 1476 1962 Anyustus
1506 1911 1773 1951 Germanicus
1803 1916 1876 1951 cet.
1909 1925 2023 1965 quem

275 1992 338 2019 me
366 1980 497 2020 sentio
528 1980 677 2029 dicere,
706 1979 812 2019 vivet
833 1979 1056 2033 domusque
1076 1981 1164 2020 eius
1184 1979 1283 2029 (vel
1309 1983 1365 2029 et)
1386 1979 1602 2019 incolumis
1622 1980 1701 2020 erit
1720 1983 1854 2030 asnte)
1876 1981 2022 2032 aloem)

276 2049 348 2089 III
363 2052 537 2099 non(as)
568 2049 848 2098 [ansuarias)‚
879 2061 985 2101 quae
1010 2050 1230 2102 proximae
1254 2049 1450 2102 psopulo)
1480 2048 1708 2098 Rsomano]
1738 2049 2022 2101 Gonu-itibus),

273 2118 336 2157 rei
362 2117 594 2171 psublicae)
621 2118 807 2171 psopuli)
836 2119 1053 2168 Rsomani)
1084 2117 1345 2168 Q(uiritium)
1377 2122 1495 2158 erunt
1521 2117 1689 2170 fuerint,
1719 2132 1887 2173 eumque
1916 2121 2022 2161 diem

274 2199 423 2240 eosque
458 2187 695 2241 (eumqueffl
733 2187 874 2228 salvos
908 2188 1141 2228 servaveris
1176 2201 1230 2228 ex
1266 2188 1483 2241 periculis,
1529 2188 1567 2227 si
1603 2201 1684 2241 qua
1720 2195 1815 2229 sunt
1856 2195 2022 2230 eruntve

275 2261 371 2296 ante
399 2269 490 2296 eum
520 2256 627 2297 diem
656 2261 918 2310 eventumque
946 2256 1094 2298 bonum
1124 2258 1198 2307 ita,
1227 2257 1289 2298 uti
1316 2270 1379 2297 me
1398 2256 1530 2298 sentio
1552 2256 1701 2306 dicere,
1733 2258 1895 2318 dederis
1924 2272 2021 2300 eos-

281 2338 357 2378 que
386 2324 620 2380 (eumque?)
656 2326 702 2366 in
730 2338 779 2366 eo
807 2330 933 2376 statu,
971 2339 1050 2379 quo
1079 2339 1188 2367 nunc
1214 2317 1310 2367 sunt
1339 2329 1419 2376 (est
1430 2328 1470 2376 P)
1500 2331 1571 2367 aut
1599 2339 1647 2368 eo
1675 2328 1844 2368 meliore
1871 2341 2021 2370 serva-

271 2395 395 2444 ven’s,
425 2397 522 2436 astu
552 2408 604 2436 ea
630 2395 692 2436 ita
718 2395 849 2447 faxis,
878 2400 962 2435 tum
991 2395 1067 2435 mn·
1095 2395 1256 2449 coucy&
1473 2384 1477 2386 ’

271 2462 449 2505 fratrum
477 2463 697 2506 Arvalium
725 2465 887 2504 nomine
915 2464 1017 2505 bove
1046 2471 1197 2506 aurato
1225 2477 1352 2506 voveo
1382 2477 1470 2506 esse
1496 2465 1693 2517 futurum.

213 2588 436 2634 Fragmenta
458 2589 608 2625 tabulae
633 2600 860 2625 marmoreae
886 2589 1022 2625 litteris
1046 2590 1302 2635 nitidissimis,
1329 2591 1414 2638 altis
1440 2591 1527 2626 mill.
1553 2593 1661 2635 6-7,
1688 2592 1824 2629 effossa
1848 2595 1884 2629 in
1910 2595 2018 2630 vinea

214 2646 521 2684 ceccarelliorum
547 2661 576 2691 c,
601 2659 717 2695 prope
741 2648 950 2684 aedificium
973 2648 1167 2685 rotundum
1189 2661 1286 2686 anno
1315 2650 1418 2693 1867,
1443 2653 1571 2686 cetera
1594 2651 1632 2686 in
1658 2651 1766 2696 colle,
1793 2666 1817 2687 a
1833 2655 1852 2687 b
1870 2655 1895 2688 d
1910 2666 1929 2688 e
1937 2656 1967 2699 s
1985 2665 2017 2690 a.

213 2706 317 2749 1868,
340 2720 363 2752 9
386 2708 410 2742 Ιι
434 2718 466 2742 a.
492 2709 594 2746 1869.
641 2706 898 2745 Accesserant
922 2707 1128 2753 fragmenta
1158 2709 1333 2746 nonnulla.
1363 2710 1517 2757 parvula
1546 2714 1694 2757 reperta
1718 2722 1749 2747 a.
1778 2713 1888 2754 1869,
1923 2724 2016 2758 quae

774 2779 847 2805 non
873 2768 1053 2805 distincta
1075 2768 1170 2805 locis
1196 2769 1274 2804 suis
1298 2769 1448 2804 inserui.

303 2837 499 2888 Descripsi
523 2853 604 2878 cum
627 2843 836 2880 Bormanno
861 2844 1035 2891 edidique
1059 2857 1078 2880 c
1145 2847 1282 2891 postea
1306 2845 1369 2890 (cf.
1394 2845 1584 2880 Relazione
1609 2857 1644 2892 p.
1669 2845 1704 2891 7)
1738 2846 1785 2882 ad
1816 2858 1849 2882 a.
1874 2848 1919 2884 39
1950 2849 2015 2884 ad·

211 2896 249 2935 in
266 2897 467 2936 Annalibus
491 2902 574 2936 inst.
593 2904 689 2938 arch.
709 2904 800 2940 1867
820 2915 858 2950 p.
874 2904 1076 2949 2298eqq.,
1147 2906 1293 2950 sumpto
1329 2914 1525 2950 perperam
1564 2903 1769 2950 fragmento
1809 2919 1833 2940 a
1866 2906 2015 2942 tabulae

210 2971 235 2993 a
251 2960 271 2993 b
288 2971 306 2994 c
323 2959 348 2994 d
364 2961 421 3004 ef
438 2960 475 2995 in
498 2961 689 2995 Relazione
711 2973 750 3008 p.
773 2963 884 3004 4-6;
907 2977 932 3008 9
947 2963 972 2997 Ῑι
986 2973 1076 2998 non·
1147 2962 1227 2997 eius
1259 2963 1363 3007 anni,
1393 2963 1467 2998 iam
1497 2965 1646 2998 constat
1675 2962 1824 2999 detecto
1860 2965 1946 3000 anni
1970 2967 2016 3001 39

210 3017 387 3064 nullaque
401 3018 607 3064 fragmenta
618 3021 759 3056 minora
771 3021 832 3056 hic
843 3021 998 3067 primum
1011 3033 1077 3067 pu·
1147 3020 1354 3066 fragmento
1367 3023 1398 3056 b.
1422 3022 1466 3056 In
1481 3021 1576 3057 actis
1591 3021 1649 3056 his
1668 3032 1749 3057 cum
1765 3023 1942 3068 magister
1958 3024 2012 3059 di-

210 3075 404 3112 blicuntur.
428 3077 652 3114 Litterarum
670 3079 804 3114 formas
823 3079 1078 3126 depingendae
1147 3082 1251 3115 catur
1274 3079 1315 3117 G.
1330 3080 1468 3116 Caesar
1481 3081 1676 3126 Augustus
1700 3082 1762 3125 (cf.
1786 3095 1805 3117 c
1828 3083 1890 3125 403
1915 3085 1941 3118 d
1965 3084 2012 3127 7),

210 3135 335 3170 curavi
357 3136 395 3171 in
410 3137 601 3172 Relazione
624 3137 701 3172 tab.
718 3137 738 3171 I
762 3149 795 3174 n.
817 3138 850 3173 2.
896 3139 1044 3174 Littera.
1063 3151 1075 3174 1
1149 3150 1257 3186 quem
1288 3150 1407 3185 neque
1439 3150 1471 3175 a.
1488 3140 1534 3174 38
1564 3149 1683 3185 neque
1709 3151 1742 3175 a.
1762 3141 1809 3177 40
1838 3143 2011 3187 magiste-

209 3194 360 3240 saepius
383 3194 561 3230 incertum
586 3198 646 3230 est
669 3198 787 3231 utrum
806 3199 920 3240 extet,
945 3208 1072 3232 necne.
1146 3198 1202 3233 rio
1227 3198 1389 3233 functum
1414 3208 1499 3232 esse
1519 3208 1564 3232 ex
1582 3208 1704 3233 eorum
1722 3209 1899 3235 annorum
1915 3201 2011 3235 actis

208 3268 254 3279 —-
283 3253 400 3289 Recte
436 3265 494 3289 me
530 3253 720 3290 rettulisse
759 3255 845 3290 olim
882 3254 930 3290 ad
963 3266 995 3290 a.
1027 3257 1074 3293 38
1146 3259 1305 3299 constat,
1331 3256 1422 3291 nihil
1447 3259 1564 3292 restat
1591 3256 1662 3291 nisi
1688 3260 1729 3293 ut
1752 3257 1798 3292 nd
1818 3269 1947 3294 annum
1966 3261 2012 3296 38

211 3312 321 3359 (Anu.
345 3314 427 3349 inst.
453 3315 549 3351 arch.
567 3314 657 3351 1867
680 3324 716 3359 p.
733 3314 804 3351 230
816 3315 949 3361 seqq.),
974 3314 1071 3350 falso
1142 3318 1227 3350 acta
1250 3315 1460 3351 referamus.
