2340 3658
351 170 408 214 44
1044 167 1195 204 Sacrum
1222 167 1314 203 deae
1339 167 1445 203 Diae.

353 285 477 336 pueri,
506 296 626 335 supra
653 284 734 323 dixi
761 284 911 322 libantes
938 283 1059 321 videri
1088 294 1218 321 errore
1245 283 1434 332 scriptum
1461 292 1549 319 esse
1577 291 1648 331 pro
1677 281 1818 320 libatas.
1845 303 1896 310 —
1922 283 2056 333 Pueri,
2085 285 2152 335 qui
2219 320 2230 328 ,
2295 282 2303 300 ⁸

354 348 416 385 die
443 347 566 398 primo
590 350 810 398 praetextati
836 358 955 386 cenae
971 346 1192 392 adfuerant,
1215 345 1278 382 die
1299 345 1413 383 tertio
1441 343 1622 383 dicuntur
1645 344 1707 382 vel
1729 347 1891 383 riciniati
1918 347 1968 396 (a.
1991 348 2152 387 120155

355 411 443 459 183)
472 412 532 449 vel
556 413 773 461 praetextati
799 410 848 458 (a.
869 411 944 446 213
960 408 1064 458 219),
1095 409 1154 446 vel
1170 407 1650 457 [riciJniatipraetexfflatU
1677 409 1727 457 (a.
1751 410 1836 458 118,
1864 409 2079 461 eademque
2096 421 2155 449 re-

352 474 465 523 posui
493 474 530 511 in
560 474 659 513 actis
680 473 874 511 nonnullis
895 472 1029 522 paullo
1049 471 1331 522 antiquioribus
1355 482 1388 509 a.
1406 472 1453 508 90
1474 471 1519 508 91
1546 471 1633 519 105,
1660 483 1745 509 cum
1766 484 1843 510 uno
1862 474 2056 512 vocabulo
2077 486 2155 513 non

354 537 449 576 satis
466 537 671 587 expleatur
691 535 848 586 hiatus).
888 535 1086 574 Videntur
1103 535 1223 583 igitur
1249 533 1468 573 confirmari
1496 545 1596 583 quae
1624 533 1672 572 de
1699 535 1835 573 ricinio
1861 548 1980 586 supra
2008 536 2061 588 (p.
2090 537 2156 589 38)

356 600 534 650 exposui,
562 599 634 637 nisi
664 599 777 649 ponis
794 599 833 636 in
852 599 952 638 actis
973 610 1007 638 a.
1028 600 1098 636 118
1119 601 1391 648 praetextatos
1411 608 1554 647 pueros
1575 598 1799 647 appellatos
1820 611 1906 637 esse
1936 602 2002 638 aut
2026 611 2156 638 errore

353 668 419 702 aut
446 663 588 702 aetatis
617 663 855 702 indicandae
884 661 1013 711 gratia
1041 661 1105 711 (cf.
1135 659 1369 710 Marquardt
1394 661 1441 699 R.
1465 662 1510 699 A.
1540 662 1576 709 5,
1599 662 1617 698 1
1646 673 1684 711 p.
1708 659 1792 710 127,
1812 661 1915 711 646).
1948 661 2088 701 Pueris
2105 663 2157 702 ad

353 726 582 765 referendas
611 726 662 765 ad
690 738 799 765 aram
826 726 960 775 fruges
989 725 1187 763 celatores
1217 727 1256 762 et
1283 722 1433 773 publici
1461 727 1622 773 praesto
1651 729 1772 764 erant.
1814 747 1866 753 -
1905 725 2036 776 Epulo
2065 737 2156 765 eon·
2190 726 2193 727 ⁷

356 793 547 828 summuto
574 789 886 828 incendebantur
922 787 1137 838 lampades.
1191 787 1252 825 De
1288 785 1498 825 luminibus
1527 786 1578 825 ad
1607 798 1720 825 sacra
1747 787 1934 827 adhibitis
1964 787 2157 828 Marinius

358 853 410 902 (p.
446 853 520 890 290
535 853 632 902 seq.)
678 852 816 890 laudat
859 851 1092 890 Ciceronem
1137 850 1196 899 (de
1225 851 1282 899 off.
1305 850 1341 898 3,
1361 850 1422 897 20,
1444 849 1507 898 80)
1550 849 1797 898 potissimum
1838 855 1877 888 et
1916 851 2158 891 Macrobium

353 914 446 964 (Sat.
471 917 505 963 1,
527 913 560 964 7,
581 915 647 964 31)
687 919 726 954 et
767 914 950 954 Ovidium
990 914 1146 965 (fastai,
1166 913 1258 963 411)
1302 912 1600 962 Vergiliumque
1630 911 1738 963 (Aen.
1758 914 1793 962 8,
1815 912 1926 963 278),
1961 914 2054 966 item
2082 926 2158 966 quo

357 978 502 1015 lumina
544 978 707 1016 accendi
749 982 930 1017 vetantur
972 978 1051 1015 cod.
1086 976 1219 1013 Tleeod.
1251 977 1310 1025 16,
1333 977 1391 1024 10,
1414 976 1470 1014 12.
1528 974 1721 1013 Videntur
1763 987 1865 1014 nunc
1905 975 1999 1015 addi
2038 989 2158 1028 posse

352 1041 557 1078 sebaciaria
585 1053 608 1078 a
629 1041 814 1090 vigilibus
835 1041 942 1079 facta
972 1041 1087 1085 (Ball.
1115 1043 1193 1077 inst.
1215 1039 1313 1077 arch.
1338 1038 1431 1076 1867
1455 1051 1491 1088 p.
1515 1039 1561 1076 12
1577 1050 1687 1088 seqq.
1718 1039 1765 1078 ef.
1794 1051 1832 1089 p.
1847 1039 1924 1091 30).
1943 1063 1989 1067 —
2005 1040 2159 1079 Deinde

356 1103 584 1142 sacerdotes
625 1103 849 1142 tuscanicae
900 1103 1149 1153 contigerunt
1195 1113 1341 1152 easque
1393 1114 1463 1152 per
1514 1102 1708 1140 celatores
1760 1102 1916 1141 domum
1961 1103 2158 1142 miserunt.

353 1167 614 1215 Tuscanicae,
642 1179 715 1216 pro
744 1167 885 1217 quibus
915 1169 1069 1216 campas
1088 1166 1127 1204 in
1147 1166 1246 1205 actis
1267 1165 1491 1216 repperisse
1513 1165 1587 1203 sibi
1606 1165 1712 1204 visus
1733 1170 1794 1204 est
1819 1165 2015 1205 Marinius
2031 1179 2068 1219 p.
2085 1167 2160 1204 396

353 1231 529 1279 (verbum
559 1230 658 1267 enim
694 1235 784 1268 ante
821 1230 980 1268 detecta
1016 1234 1107 1268 acta
1136 1242 1168 1269 a.
1190 1229 1235 1268 87
1266 1234 1462 1279 repertum
1492 1240 1569 1266 non
1598 1233 1684 1267 erat
1712 1228 1788 1266 nisi
1817 1229 2026 1279 mutilum),
2061 1229 2181 1272 ollas,

353 1293 493 1344 opinor
521 1294 712 1332 Etruscas
753 1304 845 1331 esse
881 1292 947 1343 (cf.
976 1294 1170 1331 Relazfione
1197 1305 1234 1343 p.
1269 1291 1335 1343 47)
1378 1292 1508 1343 operis
1539 1291 1690 1331 scilicet
1718 1292 1976 1342 elegantioris
2003 1296 2162 1343 praeter

354 1357 454 1395 ollas
483 1355 601 1394 rudes
631 1355 796 1394 Latinas
833 1356 872 1394 in
909 1357 1032 1394 sacris
1070 1355 1130 1394 his
1162 1355 1372 1394 adhibitas.
1428 1357 1511 1394 Eas
1541 1355 1697 1393 domum
1725 1367 1797 1406 per
1825 1356 2020 1395 celatores
2047 1355 2160 1395 mise-

351 1425 449 1458 runt.
507 1419 573 1458 Ita
614 1419 714 1456 enim
764 1419 1031 1469 intellegenda
1063 1431 1164 1470 quae
1200 1419 1304 1458 varie
1347 1419 1497 1469 scripta
1538 1423 1628 1457 sunt
1667 1418 1784 1456 modo
1813 1420 1978 1459 domibus
2003 1423 2076 1458 suis
2103 1420 2163 1459 vel

353 1485 460 1521 domo
487 1495 568 1528 sua,
597 1481 713 1520 modo
742 1483 869 1520 domos
897 1489 936 1522 et
963 1484 1090 1521 domus
1117 1495 1212 1520 suae.
1269 1482 1576 1521 Terminabatur
1603 1482 1758 1532 epulum
1788 1481 1916 1522 divisa
1943 1495 2077 1522 mensa
2103 1495 2162 1523 se·

353 1546 483 1585 cunda
510 1545 764 1584 bellariorum
792 1547 1047 1598 acceptisque
1076 1550 1153 1585 tam
1185 1545 1339 1584 coronis
1369 1549 1408 1584 et
1442 1545 1653 1596 unguentis
1683 1558 1798 1596 quam
1829 1545 2014 1596 sportulis
2044 1546 2163 1586 dena·-

353 1610 497 1648 riorum
525 1612 788 1648 centenorum.

1037 1777 1077 1819 4.
1138 1777 1474 1821 Praesentes.

457 1903 602 1943 Eorum
633 1904 699 1954 qui
728 1903 956 1952 adfuerant,
994 1901 1274 1942 emittebantur
1310 1902 1504 1941 interdum
1533 1903 1708 1952 nomina,
1744 1903 1777 1942 si
1813 1902 1968 1954 quidem
2003 1905 2164 1954 praesto

354 1966 509 2006 fuerant
536 1967 652 2005 iidem
680 1967 745 2017 qui
773 1967 912 2006 diebus
940 1965 1290 2016 praecedentibus:
1319 1966 1387 2004 ubi
1415 1969 1542 2004 autem
1571 1967 1731 2006 nomina
1760 1967 2051 2016 scribebantur,
2086 1977 2164 2004 non

355 2042 511 2081 semper
538 2030 813 2069 scribebantur
841 2030 979 2070 eodem
1006 2029 1106 2068 loco.
1145 2029 1192 2067 In
1213 2029 1311 2068 actis
1331 2029 1430 2068 enim
1460 2030 1655 2069 nonnullis
1684 2030 1735 2069 ad
1762 2031 1876 2070 finem
1904 2029 2166 2069 adnectuntur

353 2093 612 2144 praescriptis
641 2094 770 2134 verbis
800 2093 928 2133 hisce:

355 2167 409 2210 66
440 2167 524 2210 220
825 2169 1054 2212 adfuerunt
1083 2168 1159 2209 illi.

358 2235 438 2278 105
473 2234 571 2292 [118
606 2236 701 2294 120]
826 2238 1055 2281 adfuerunt
1083 2236 1128 2278 in
1160 2235 1342 2290 collegio
1372 2238 1450 2278 illi.

356 2315 413 2354 ita
439 2320 569 2355 tamen
610 2322 653 2356 ut
693 2318 920 2369 plerumque
962 2316 1119 2355 nomina
1155 2328 1232 2354 non
1265 2318 1512 2367 repetantur,
1555 2315 1624 2355 sed
1660 2317 1884 2356 indicentur
1911 2321 2063 2356 tantum
2091 2315 2165 2356 hac

356 2379 528 2418 ratione:

359 2454 439 2497 105
832 2455 1061 2499 adfuerunt
1090 2456 1134 2498 in
1165 2454 1346 2509 collegio
1377 2453 1490 2497 idem
1524 2453 1649 2511 [q(ui)
1681 2454 1883 2512 s(upra)].

358 2521 455 2580 [118
490 2521 585 2580 120]
829 2524 1056 2568 adfuerunt
1085 2525 1130 2566 in
1152 2524 1332 2578 collegio
1350 2523 1463 2567 idem
1483 2523 1592 2581 q(ui)
1609 2524 1694 2567 IIIl
1713 2521 1964 2582 k(alendas)
1980 2522 2166 2566 easdem.

460 2603 628 2654 Saepius
658 2604 813 2642 nomina
840 2604 877 2643 in
906 2605 995 2656 ipsa
1022 2609 1113 2644 acta
1140 2605 1364 2643 inseruntur
1391 2604 1466 2643 hoc
1494 2603 1629 2642 modo:

359 2678 410 2720 87
446 2676 518 2734 [90
547 2679 599 2721 91
622 2678 756 2722 DOM.
776 2678 807 2722 C

361 2735 440 2778 105
481 2735 559 2777 118
600 2736 680 2779 120
727 2737 807 2778 122
850 2737 960 2781 inter
991 2750 1139 2782 cenam
1170 2739 1233 2779 illi
1262 2740 1354 2781 ture
1385 2739 1427 2780 et
1456 2736 1555 2780 vino
1587 2735 1776 2781 fecerunt
1799 2736 1837 2793 ').

360 2791 440 2836 155
468 2792 564 2845 183]
585 2793 667 2836 213
692 2794 803 2846 [218]

829 2852 854 2896 ¹)
879 2860 963 2886 nota
989 2865 1020 2887 a.
1041 2854 1110 2888 120
1135 2854 1183 2887 bis
1209 2860 1409 2888 memoratos
1435 2864 1508 2888 esse
1534 2863 1591 2888 eos
1617 2855 1679 2898 qui
1704 2853 1908 2895 adfuerunt.

463 2919 728 2961 Nominantur
764 2926 972 2972 praeterea
1010 2935 1128 2973 saepe
1163 2923 1272 2973 pueri
1314 2923 1603 2972 ministrantes,
1639 2927 1679 2962 et
1714 2924 1769 2963 ita
1796 2923 1949 2974 quidem
1977 2926 2021 2962 ut
2046 2919 2163 2961 modo

355 2983 517 3026 nomina
545 2997 677 3024 eorum
707 2985 757 3024 ad
786 2985 898 3024 finem
928 2986 1190 3026 adnectantur
1216 2986 1474 3037 praescriptis
1506 2987 1635 3025 verbis
1663 2986 1742 3026 his:

362 3060 444 3112 [87]
829 3061 969 3116 pu[eri
990 3061 1160 3117 patrimi
1177 3065 1218 3103 et
1237 3061 1436 3114 matrimi]
1470 3061 1541 3117 qui
1571 3060 1627 3104 ad
1649 3061 1903 3105 sacrificium
1933 3059 2041 3105 deae
2059 3061 2168 3105 Diae

884 3133 1074 3186 praest[o
1106 3132 1240 3182 erant]
1273 3132 1336 3172 illi
1367 3137 1574 3185 quattuor.

359 3197 474 3235 modo
503 3197 541 3235 in
570 3197 700 3237 media
730 3202 819 3238 acta
847 3199 991 3237 mentio
1021 3210 1151 3237 eorum
1183 3200 1379 3238 inseratur
1407 3199 1480 3238 sic:

363 3260 475 3316 [105]
827 3263 1163 3307 ministrantibus
1194 3263 1338 3320 pueris
1369 3270 1442 3306 cet.
1488 3263 1623 3307 isdem
1657 3263 1769 3321 q(ui)
1799 3262 1984 3321 s(upra).
