2340 3658
1012 196 1224 232 Exordium.
1944 217 2019 244 xxl

217 316 259 354 et
279 310 462 355 fortasse
481 311 528 354 in
543 315 669 367 -parte
701 310 794 353 eius
825 310 993 366 declivi,
1026 313 1228 366 quoniam
1258 313 1302 356 in
1332 316 1438 358 actis
1459 315 1640 359 Arvales
1671 328 1802 371 saepe
1823 316 2019 358 dicuntur

218 382 352 422 lucum
390 382 492 422 deae
522 381 629 421 Diae
660 382 894 422 ascendisse
917 380 946 436 ¹)
977 381 1045 423 vel
1076 383 1183 422 ollas
1210 396 1286 436 per
1316 386 1462 426 clivum
1491 385 1733 440 iactasse²).
1794 385 1843 426 Id
1880 385 2020 440 ipsum

216 449 383 492 videtur
422 448 671 491 confirmare
701 462 779 491 ara
808 449 993 491 rotunda
1022 449 1183 504 lapidis
1213 451 1422 494 Tiburtini
1453 453 1668 495 bueraniis
1699 459 1851 495 ornata
1880 458 1922 495 et
1951 467 2020 495 en-

216 518 394 572 earpiis,
435 517 478 558 in
516 517 634 559 euius
673 523 794 573 parte
833 518 1053 572 superiore
1091 519 1301 573 serpentis
1331 519 1469 574 figura
1499 521 1708 574 adsurgit.
1770 523 1874 564 Eam
1906 523 2019 564 enim

215 586 507 647 genium‘loci
543 590 885 642 repraesentare,
927 599 1046 628 aram
1085 591 1225 629 autem
1263 587 1306 628 in
1345 601 1507 631 summo
1539 589 1647 631 colle
1678 595 1887 645 repertam
1919 591 2018 632 olim

216 653 261 695 in
293 654 432 696 medio
454 655 549 696 luco
571 655 754 710 positam
777 653 910 696 fuisse
931 655 1208 709 probabiliter
1229 657 1406 700 coniecit
1426 659 1603 701 Rossius
1622 658 1668 713 ³).
1719 659 2022 701 Ascendebant

214 723 395 765 Arvales
434 723 591 778 lucum,
631 736 725 765 eum
755 724 1048 765 immolassent
1077 723 1185 766 deae
1217 725 1325 768 Diae
1357 727 1413 769 ad
1444 741 1576 782 aram,
1609 740 1721 782 quae
1751 732 1851 769 ante
1880 728 2018 768 lucum

213 790 366 833 dieitur
413 791 543 834 fuisse
570 792 622 846 ⁴),
676 805 854 846 eumque
900 792 1059 846 epulati
1109 800 1250 835 essent
1288 795 1333 836 in
1379 796 1623 851 tetrastylo;
1670 796 1770 838 item
1824 796 2019 838 dicuntur

216 859 490 903 descendisse
522 861 662 902 lueum
682 860 714 916 ⁵)
745 861 812 903 vel
842 860 887 902 in
917 862 1186 916 tetrastylum
1206 862 1251 917 ⁰).
1311 863 1461 918 Itaque
1501 869 1542 906 et
1572 877 1649 906 ara
1684 865 1792 907 deae
1830 865 1940 906 Diae
1979 869 2021 906 et

212 928 484 986 tetrastylum
534 929 590 971 ad
636 929 804 971 radices
842 929 965 970 colli-s
1002 929 1046 970 in
1083 930 1213 984 plano
1250 931 1333 973 sita
1369 931 1552 974 fuerunt.
1613 933 1677 974 Ex
1715 934 1850 975 altero
1886 933 2019 975 latere

158 1043 161 1045 ,
212 1009 376 1040 sacram
407 997 638 1040 Arvalium
669 1010 813 1040 aream
845 998 957 1038 ultra
985 997 1099 1039 viam
1130 998 1345 1052 publicam
1376 1014 1525 1043 versus
1555 1002 1744 1043 Tiberim
1782 1003 2019 1044 exeun-isse

212 1068 338 1106 antea
359 1068 417 1120 (p.
437 1066 562 1121 XIX)
585 1066 780 1108 vidimus.
828 1067 890 1108 De
913 1066 1118 1108 aedificiis
1138 1072 1279 1109 autem
1302 1070 1522 1111 Arvalium
1542 1070 1853 1125 ruderibusque
1874 1084 2019 1113 eorum

216 1133 260 1175 in
291 1145 343 1174 ea
364 1147 534 1189 quoque
565 1135 739 1189 regione
771 1135 1069 1189 superstitibus
1100 1136 1334 1190 disputavit
1354 1139 1546 1192 Angelus
1578 1139 1863 1193 Pellegrinius
1894 1139 1939 1193 (l.
1964 1138 2018 1192 c.)

324 1203 392 1243 23.
452 1203 845 1246 Commemorantur
876 1204 918 1244 in
942 1203 1046 1245 actis
1068 1204 1291 1247 Arvalium
1322 1206 1452 1248 aedes
1474 1207 1581 1251 deae
1602 1208 1722 1263 Diae,
1747 1208 2018 1261 Caesareum,

212 1271 494 1327 tetrastylum‚
526 1272 676 1315 c-ireus.
737 1273 790 1314 Et
821 1273 974 1314 circum
1005 1273 1178 1327 quidem
1208 1274 1492 1327 Pellegrinius
1511 1276 1546 1331 ⁷)
1576 1276 1620 1318 in
1651 1277 1779 1319 dorso
1809 1276 1930 1318 collis
1959 1275 2018 1317 ibi

195 1340 338 1397 'situm
378 1340 509 1382 fuisse
547 1347 687 1396 putat,
727 1341 799 1383 ubi
831 1342 1094 1384 occidentem
1130 1355 1280 1385 versus
1318 1343 1445 1385 vinea
1483 1344 1836 1388 Cecc-arelliorum
1866 1345 2019 1387 vineae

211 1409 465 1466 Molinariae
510 1411 712 1464 contigua
756 1415 838 1466 est3
886 1411 970 1465 qua
1011 1416 1133 1466 parte
1171 1411 1315 1466 plures
1356 1411 1512 1455 abhinc
1549 1427 1685 1456 annos
1730 1413 1883 1456 detecti
1921 1417 2020 1455 sunt

210 1479 318 1520 muri
362 1479 563 1533 pilaeque
607 1480 705 1521 circi
742 1479 1182 1521 concamerationibus
1221 1485 1342 1535 apta3
1393 1495 1518 1536 quam
1566 1483 1809 1537 opinionem
1855 1495 1934 1524 nos
1975 1481 2018 1522 in

209 1547 351 1589 medio
381 1546 677 1602 relinquimus.
738 1548 909 1590 Similes
940 1548 1048 1589 muri
1071 1553 1217 1590 nostra
1237 1561 1407 1603 quoque
1429 1563 1562 1605 opera
1582 1551 1729 1593 effossi
1749 1556 1858 1605 sunt,
1879 1564 2019 1604 neque

210 1619 351 1657 tamen
390 1616 500 1671 seio,
533 1630 634 1658 num
663 1617 720 1658 ad
751 1617 864 1659 idem
895 1617 1135 1659 aedificium
1167 1615 1381 1659 referendi
1412 1619 1508 1661 sint.
1568 1621 1855 1674 'l‘etrastylmn
1886 1620 1930 1661 in
1966 1632 2019 1660 ea

209 1689 347 1740 parte,
386 1699 497 1740 quae
536 1691 654 1728 trans
692 1686 805 1728 viam
841 1690 924 1740 est⁷
964 1686 1010 1727 in
1041 1685 1168 1728 vinea
1198 1685 1403 1740 Stephani
1436 1687 1687 1731 Ceeearellii
1723 1689 1850 1730 situm
1884 1688 2019 1730 fuisse

210 1753 322 1797 idem
353 1755 496 1809 posuit
515 1756 562 1810 ¹³),
594 1755 777 1797 fortasse
809 1760 942 1809 reete3
973 1754 1170 1809 quamvis
1202 1753 1255 1796 de
1285 1755 1508 1802 ruderibus
1534 1758 1620 1799 illis
1648 1758 1887 1800 accuratius
1913 1770 2019 1797 nun-

211 1836 339 1878 quam
369 1824 606 1878 exploratis
638 1829 797 1867 eertum
826 1828 1013 1878 nequeat
1035 1823 1238 1865 iudicium
1259 1823 1365 1865 fieri.
1408 1825 1696 1868 Mommsenus
1725 1839 1862 1881 nuper
1891 1830 2018 1870 tetra-

211 1892 369 1946 stylum
397 1905 483 1934 non
514 1893 729 1935 diversum
760 1892 893 1934 fuisse
923 1893 1166 1947 suspicatus
1196 1897 1259 1934 est
1289 1906 1316 1934 a
1337 1891 1548 1935 Caesareo
1571 1895 1734 1937 aedeve
1756 1894 1957 1937 Caesarei
1971 1894 2018 1948 ⁹),

212 1960 333 2002 euius
369 1973 467 2002 raro
512 1961 558 2002 in
596 1961 703 2003 actis
741 1961 899 2002 mentio
936 1961 994 2003 fit.
1055 1961 1302 2002 Immolatur
1333 1962 1445 2003 enim
1488 1970 1583 2004 aute
1614 1965 1860 2005 Caesareum
1891 1963 2017 2017 genio

211 2028 484 2083 imperatoris
516 2034 559 2072 et
588 2030 713 2086 divis,
746 2029 790 2070 id
820 2034 885 2070 est.
905 2029 1235 2084 imperatoribus
1257 2028 1468 2072 defunctis
1498 2036 1539 2072 et
1577 2033 1836 2074 consecratis
1859 2032 1923 2086 ¹⁰),
1960 2031 2020 2072 di—

211 2097 276 2140 vis
318 2098 447 2151 igitur
487 2097 533 2140 id
562 2099 767 2154 templum
797 2103 980 2153 apparet
1010 2111 1178 2140 sacrum
1210 2097 1355 2140 fuisse.
1416 2099 1466 2140 In
1507 2100 1614 2142 actis
1645 2106 1786 2143 autem
1818 2114 1857 2142 a.
1892 2101 1944 2142 81
1971 2101 2019 2155 ΙΙ)

211 2166 394 2220 legimus
433 2167 558 2209 haee:
603 2169 699 2209 iude
739 2182 829 2209 cnm
871 2170 915 2208 in
957 2169 1099 2208 aedem
1139 2168 1334 2208 Caesarei
1375 2170 1672 2219 consedissent,
1713 2176 1751 2210 et
1791 2184 1844 2210 eat
1881 2173 2020 2211 sacri-

209 2237 304 2288 ficio
352 2243 593 2289 qustarunt:
649 2238 746 2278 inde
797 2238 855 2278 ad
900 2243 1141 2278 summotum
1200 2238 1243 2276 iu
1301 2238 1404 2277 aede
1450 2241 1661 2291 sacrificio
1709 2241 1824 2292 facto
1873 2242 2021 2280 immo-

213 2306 312 2346 lavit
364 2306 466 2346 deae
517 2307 623 2346 Diae
673 2320 822 2359 aymam
873 2307 1071 2358 opimam,
1123 2319 1201 2359 quo
1247 2308 1457 2358 sacrificio
1500 2315 1672 2360 peracto
1722 2310 1765 2348 iu
1816 2310 2019 2349 Caesareo

211 2375 366 2426 epulati
406 2381 512 2415 suut.
588 2374 707 2425 Quae
746 2375 877 2417 verba
924 2374 1013 2416 fere
1050 2373 1310 2429 respondent
1345 2374 1410 2431 iis*
1437 2389 1546 2428 quae
1591 2376 1635 2417 iu
1674 2376 1870 2418 omnibus
1910 2377 2018 2418 actis

211 2442 520 2496 poste-rioribus
555 2443 598 2483 in
634 2443 857 2497 tetrastylo
889 2442 1071 2484 Arvales
1110 2442 1262 2484 fecisse
1294 2442 1513 2498 dicuntur,
1555 2449 1599 2485 ut
1636 2444 1840 2499 seriptum
1878 2450 1942 2486 est
1974 2446 2019 2486 in

306 2537 331 2579 ¹)
357 2535 458 2570 velut
475 2537 510 2570 in
529 2536 623 2570 actis
642 2537 738 2570 sacri
759 2538 849 2570 deae
863 2536 958 2570 Diae
976 2536 1078 2571 a.87.
1241 2536 1268 2581 5)
1297 2537 1395 2570 velut
1420 2538 1456 2570 iu
1483 2538 1578 2571 actis
1613 2549 1644 2572 a.
1673 2539 1742 2572 219
1776 2539 1821 2571 ud
1857 2539 2018 2571 tabulam

212 2594 268 2628 89.
286 2595 342 2629 90,
364 2595 440 2629 105,
457 2595 536 2630 117.
552 2596 629 2630 118.
645 2595 723 2630 120.
741 2595 911 2630 155183.
924 2595 995 2631 218
1006 2597 1076 2629 cet.
1152 2606 1174 2630 a
1212 2597 1259 2630 90
1283 2595 1480 2630 adiunctis.

305 2652 333 2697 ²)
358 2651 399 2686 cf
431 2657 517 2687 acta
541 2654 637 2688 sacri
663 2652 829 2687 eiusdem
862 2664 894 2688 a.
918 2654 987 2688 219
1015 2652 1078 2686 de—
1244 2654 1272 2695 ⁶)
1299 2654 1347 2688 cf.
1374 2665 1396 2688 a
1431 2655 1489 2690 87.
1515 2656 1570 2691 89.
1597 2655 1655 2690 90.

213 2710 356 2756 scripta
380 2711 416 2745 in
442 2711 568 2746 tabula
582 2712 667 2746 anni
685 2712 739 2747 90.
773 2711 816 2745 Iu
842 2711 936 2746 actis
961 2723 991 2746 a>
1011 2712 1081 2746 218
1245 2712 1271 2757 ⁷)
1300 2712 1321 2748 l.
1349 2722 1381 2746 c.
1406 2723 1442 2757 p.
1461 2713 1493 2748 8.

212 2769 392 2803 Mai-iuius
418 2768 562 2814 quidem
590 2770 742 2805 exbibet.
768 2770 987 2816 {acuum-unt,
1014 2770 1081 2804 sed
1246 2770 1273 2816 ⁸)
1301 2771 1347 2806 cf.
1374 2775 1497 2807 autea.

214 2838 235 2862 a
250 2827 479 2862 Mommseno
497 2828 658 2863 monitus
677 2829 711 2863 in
730 2828 855 2875 lapide
874 2830 967 2865 satis
982 2829 1080 2864 clare
1244 2831 1272 2875 ⁹)
1301 2831 1519 2864 Grenzbocen
1548 2830 1638 2866 1870
1664 2841 1686 2876 p
1719 2830 1786 2866 167
1811 2835 1885 2865 not.

212 2887 413 2931 recognovi
440 2886 694 2932 iactanter-unt.
1248 2889 1291 2932 ¹ss)
1318 2887 1364 2926 cf.
1391 2893 1477 2923 aeta
1501 2901 1532 2925 a.
1560 2891 1627 2925 183
1654 2901 1702 2935 p.
1722 2889 1750 2930 Ι,
1776 2888 1935 2930 20-24;
1970 2887 2018 2930 11,

306 2945 334 2990 ²)
370 2945 411 2979 ef
454 2945 546 2980 Ball.
580 2946 678 2980 arch.
712 2948 811 2980 crist.
839 2947 930 2983 1868
963 2957 997 2992 p.
1023 2946 1082 2981 27.
1153 2948 1171 2983 1
1224 2947 1282 2991 14)
1310 2950 1348 2981 et
1373 2959 1406 2981 a.
1434 2948 1513 2983 224.

216 3003 338 3038 Genio
355 3003 427 3038 loci
444 3001 603 3038 Arvales
618 3004 851 3040 sacrificasse
867 3008 954 3039 aeta
968 3004 1082 3048 signi·
1247 3007 1288 3050 ¹¹)
1316 3017 1371 3041 vv,
1397 3008 1442 3042 13
1462 3017 1554 3052 seqq
1576 3021 1585 3040 .-
1619 3005 1841 3040 Caesareum
1876 3005 2020 3040 videtur

221 3061 333 3096 fleant
357 3062 442 3096 anni
468 3063 537 3098 183
563 3062 611 3108 (2,
627 3064 661 3098 3.
683 3064 754 3107 12),
779 3063 843 3097 ubi
861 3064 995 3108 legitur
1011 3064 1083 3097 sive
1154 3066 1264 3100 etiam
1279 3071 1599 3100 commemoratum
1616 3065 1731 3099 ruisse
1754 3065 1789 3098 in
1799 3065 1895 3098 actis
1910 3065 2019 3099 Dom.

217 3122 281 3155 cleo
307 3123 379 3155 sive
403 3122 500 3163 deae,
528 3123 566 3156 in
590 3123 687 3156 cuius
712 3122 823 3156 tutela
839 3123 894 3156 laic
912 3122 1006 3155 locus
1031 3122 1083 3155 lu·
1153 3125 1210 3166 A;
1243 3124 1290 3159 cf,
1322 3127 1410 3159 acta
1440 3123 1516 3158 diei
1549 3122 1701 3157 secundi
1739 3122 1912 3157 sacrificii
1948 3123 2019 3158 Ar-

219 3190 322 3213 run-e
347 3186 411 3214 est.
459 3179 538 3214 Ara
570 3179 721 3227 depicta
754 3184 813 3215 est
837 3180 873 3215 in
899 3181 1084 3215 Relazione
1154 3182 1300 3218 valiam.

218 3241 290 3273 cet.
315 3236 391 3272 tab.
421 3236 467 3280 V,
493 3239 527 3276 5.

311 3296 339 3343 ⁴)
366 3296 411 3333 cs.
427 3301 511 3334 acta
520 3297 594 3333 diei
605 3298 757 3334 secundi
767 3297 863 3335 sacri
874 3298 965 3334 deae
977 3297 1082 3334 Diae.
