2340 3658
1026 214 1179 249 Privati.

189 329 235 372 [c.
250 339 438 364 ocrawvs
450 329 618 372 arrssrvs)
632 328 868 373 s(VR)·rR1vs]
881 341 1045 364 sanmvs

237 397 315 423 cos.
331 398 364 422 a.
379 387 451 423 214
466 397 548 422 cum
559 387 739 422 Messalla
751 388 839 430 2143
861 387 921 423 Or.
935 388 1049 428 4555;

236 444 383 480 Heme-n
407 446 512 482 6046.
562 446 597 480 C.
615 445 646 480 I.
659 446 699 480 L.
714 448 748 489 3,
761 447 856 483 3428
873 446 984 488 3429;
1002 446 1050 480 cf.

237 502 457 548 Desjardins
494 506 610 539 Revue
645 492 912 550 circlae'oloyiqne
959 505 1051 541 1873

231 575 272 607 p.
302 563 350 598 65
381 574 474 608 seqq.
533 563 713 599 Omnibus
746 563 955 598 nominibus
984 573 1049 597 no·

236 621 396 656 minatur
408 622 444 656 in
459 621 566 656 titulo
581 621 760 667 Aquinati
774 622 922 668 Ephem.
936 623 1048 667 epigr.

241 679 261 714 1
282 691 320 722 p.
345 679 425 721 130,
452 679 675 726 collatisque
710 691 756 715 eo
782 685 821 716 et
844 680 1050 726 fragmento

238 736 404 774 Casinati
414 736 438 770 I
438 738 501 774 .N.
511 738 605 775 4237
619 754 664 768 =
678 738 925 775 Henzen6482
933 739 1048 774 hono-

236 795 340 830 ribus
366 806 449 839 eum
474 795 651 832 discimus
670 797 831 832 functum
859 808 944 833 esse
969 797 1027 832 his
1040 810 1063 831 ε.

238 854 337 889 sevir
358 854 427 889 fuit
451 857 645 890 turmarum
673 857 911 901 equestrium,
937 866 1050 902 quae-

239 915 317 946 stor
341 911 581 955 candidatus,
613 913 783 950 tribunus
815 914 938 961 plebis
964 924 1050 948 can·

239 968 397 1014 didatus,
422 974 573 1017 praetor
597 970 644 1006 de
670 971 887 1008 liberalibus
914 973 1049 1015 causis,

237 1026 385 1073 legatus
432 1029 647 1076 provinciae
690 1030 844 1067 Africae
885 1031 1050 1076 regionis

238 1085 535 1132 Hipponiensis,
579 1091 728 1124 curator
767 1090 850 1124 viae
890 1089 1050 1124 Latinae

239 1154 370 1187 novae,
396 1145 575 1182 iuridicus
603 1158 669 1192 per
692 1147 893 1183 Aemiliam
920 1151 958 1182 et
983 1147 1047 1181 Li-

239 1202 390 1247 guriam,
416 1202 564 1250 legatus
597 1206 757 1251 legionis
784 1206 899 1242 XXII
923 1206 1048 1252 primi-

211 1264 219 1268 '
239 1261 372 1306 geniae
398 1263 482 1308 piae
507 1262 640 1306 fidelis,
666 1265 906 1311 praepositus
932 1263 1047 1299 vexil-

237 1318 341 1354 lariis
361 1319 607 1357 Germanicae
634 1323 881 1370 expeditionis
900 1324 964 1367 (ec.
981 1323 1048 1357 Ca-

237 1379 399 1414 rocellae
436 1390 469 1414 8.
504 1381 575 1416 213
597 1394 668 1427 per
694 1383 837 1417 limitem
871 1383 1049 1427 Raetiae),

243 1446 369 1472 comes
387 1437 549 1482 Augusti
574 1440 703 1482 nostri,
730 1440 873 1486 legatus
889 1442 1048 1486 Augusti

245 1496 364 1531 nostri
374 1497 588 1542 provinciae
603 1498 759 1533 Raetiae
772 1501 929 1544 (videtur
933 1502 1053 1545 fuisse

244 1554 381 1599 legatus
393 1555 552 1600 Raqiae,
567 1569 642 1591 cum
651 1566 930 1601 praeponeretur
943 1559 1051 1593 vexil-

243 1609 348 1646 lariis
372 1614 422 1647 ad
454 1614 651 1660 bellumque
678 1617 926 1651 Germanicum
958 1619 1052 1652 iube-

241 1678 339 1705 retm-
357 1674 533 1718 μετ-96η),
558 1674 691 1709 consul
708 1675 926 1717 ordinarius,
939 1675 1052 1711 index·

244 1739 291 1763 ex
331 1728 506 1775 delegatu
538 1732 747 1779 principum
785 1734 822 1768 in
860 1735 1053 1780 provincia

244 1787 453 1823 Dalmatia?
477 1789 567 1825 item
593 1791 835 1827 Pannoniae?
865 1793 1051 1828 inferioris

244 1846 302 1890 (in
325 1847 424 1889 titulo
448 1849 623 1894 Aquinati
646 1857 715 1885 est.-
740 1849 854 1885 iudex
879 1861 926 1885 ex
951 1851 1053 1886 dele-

243 1908 332 1950 gatu
400 1906 650 1952 cognitionum
716 1908 1053 1954 Caesarianamm),

245 1964 459 2010 praefectus
500 1964 753 2001 alimentorum
769 1994 778 2009 ,
821 1968 964 2003 electus
1005 1969 1052 2003 ad

245 2022 501 2067 corrigendum
539 2027 672 2059 statum
711 2025 863 2068 Italiae,
906 2026 1054 2071 legatus

247 2081 406 2126 Augusti
439 2092 506 2128 pro
540 2087 713 2129 praetore
746 2084 963 2119 Pannoniae
999 2085 1054 2120 in-

197 2175 213 2188 ·
249 2139 408 2182 ferioris,
426 2151 551 2185 augur,
574 2142 754 2188 pontifex.
786 2142 837 2179 Gr
849 2143 1055 2179 .Mommsen

248 2198 393 2243 Ephem.
420 2199 442 2235 ι.
468 2211 486 2234 0
675 2192 678 2193 ’
1038 2239 1040 2241 ,

201 2268 235 2291 c.
261 2268 452 2292 ocravivs
486 2269 636 2292 vmnssx
670 2268 749 2293 cos.
782 2269 815 2301 8.
848 2259 915 2296 184
946 2259 1063 2304 (XVI

247 2315 281 2350 k.
306 2314 408 2359 Iun.)
434 2316 503 2352 183

201 2385 245 2409 u.
270 2385 455 2409 osromvs
482 2386 655 2410 sens-LA
673 2385 751 2410 cos.
770 2375 840 2410 sur.
858 2387 890 2410 8.
914 2377 961 2414 59
975 2387 1056 2411 cum

231 2432 292 2468 ’Τ.
319 2431 451 2468 Sextio
476 2432 655 2468 Africano
688 2432 763 2467 III
789 2435 871 2469 idus
893 2429 1057 2480 'Septem-

252 2492 330 2526 brea
355 2492 411 2527 59.
437 2511 481 2516 —
505 2491 548 2526 In
565 2491 761 2527 Britannia
785 2492 854 2527 sub
879 2493 1059 2539 auspiciis

249 2550 367 2596 patris
397 2549 513 2594 legati
543 2550 758 2596 provinciae
793 2562 823 2585 a.
849 2552 896 2587 50
921 2551 1061 2586 servati

250 2607 343 2642 civis
376 2606 490 2643 decus
526 2609 663 2643 meruit
692 2609 772 2643 Tac.
804 2622 889 2643 ann.
917 2610 972 2652 12,
996 2609 1060 2652 31ς

250 2685 295 2692 -
321 2677 354 2700 8.
379 2667 426 2702 62
459 2666 506 2701 ob
539 2667 723 2713 probrosa
757 2667 936 2703 adversus
961 2668 1061 2714 prin-

252 2725 372 2771 cipem
411 2725 573 2760 carmina
614 2725 766 2770 vulgata
813 2726 850 2761 in
891 2727 1061 2762 convivio

253 2782 351 2830 apud
388 2793 469 2817 eum
494 2784 678 2819 Antistius
709 2784 889 2820 Sosianus
914 2778 1064 2830 praetor

253 2852 276 2876 8
300 2841 525 2877 Cossutiano
551 2841 734 2889 Capitone
761 2842 967 2877 maiestatis
1000 2843 1063 2877 de-

254 2899 351 2934 latus
376 2903 416 2934 et
438 2900 476 2934 in
501 2899 652 2936 exilium
679 2904 783 2935 actus
809 2906 864 2935 est
883 2901 1065 2935 stanna.

255 2958 312 2999 14,
352 2958 415 3000 48;
445 2978 486 2984 —
511 2958 609 2994 idem
637 2970 669 2995 8.
694 2960 740 2995 66
777 2958 963 2994 Ostorium
999 2960 1064 2993 im-

254 3016 394 3051 minere
416 3014 531 3051 'rebus
561 3019 599 3051 et
624 3027 693 3052 sua
718 3016 967 3062 Caesarisque
994 3017 1069 3052 fata

256 3075 412 3110 scrutari
438 3074 484 3109 ad
508 3075 719 3122 principem
738 3075 892 3122 scripsit
918 3076 941 3111 Ι.
964 3089 992 3110 c.
1012 3076 1068 3117 16,

257 3135 322 3176 14,
357 3133 548 3179 missoque
587 3128 753 3168 adeum
789 3134 1007 3169 centurione
1031 3134 1067 3168 in

254 3192 445 3237 Liguriam
486 3191 661 3228 Ostorius
705 3203 747 3227 se
797 3192 880 3238 ipse
930 3190 1071 3227 occidit

259 3252 284 3286 l.
311 3264 329 3286 ο
364 3252 421 3287 15.

213 3321 247 3345 Δ.
274 3321 463 3345 ΡΑΟΟΝΙῩδ
491 3319 652 3344 sAsmvs
690 3319 768 3344 008.
806 3308 875 3344 Sur.
913 3319 994 3344 Cum
1021 3308 1068 3343 A.

282 3374 420 3401 ENABR.
444 3373 531 3401 ACT-

1922 215 2003 258 193

1192 328 1374 364 Petronio
1412 328 1586 365 Lurcone
1628 340 1661 364 a.
1702 329 1748 366 58
1793 327 1884 362 [ΙΙΙ
1917 330 2002 364 idus

1194 387 1329 422 Octobr.
1353 388 1411 423 58.

1150 459 1183 489 o.
1209 458 1456 481 rac-rvmmvs
1483 458 1638 482 raom-o
1664 457 1743 483 cos.
1761 445 1831 482 suf.
1857 456 1939 480 cum
1955 445 2002 479 L·

1194 503 1305 538 Aelio
1326 504 1475 539 Plautio
1498 505 1631 539 Lamia
1655 516 1687 540 8.
1704 506 1752 542 80
1775 505 1833 541 80.

1150 573 1185 595 τ.
1213 573 1459 597 PAchussle
1486 574 1651 598 magnvs
1677 574 1743 599 cos
1781 562 1852 599 suf.
1877 573 1911 596 a.
1936 561 2005 598 183

1194 630 1276 654 cum
1301 621 1346 655 L.
1374 622 1555 668 Septimio
1581 622 1676 657 Fla.
1696 650 1706 658 .
1724 650 1733 658 .
1751 622 1839 663 183;
1873 640 1912 646 -
1941 630 2003 654 oc-

1194 679 1296 713 cisus
1338 680 1437 714 circa
1473 691 1506 714 a.
1549 681 1619 717 190
1659 680 1763 716 iussu
1811 677 2005 716 Commodi

1194 737 1378 782 Lamprid.
1406 739 1531 773 Gomm.
1558 739 1597 780 7;
1623 758 1668 764 -—
1692 738 1768 774 filia
1800 739 1881 773 eius
1906 737 2004 772 Pac-

1194 796 1329 830 tumeia
1353 796 1491 842 Magna
1515 801 1820 834 commemoratur
1836 798 1919 842 Diq-
1945 796 2004 837 28,

1195 855 1229 897 5,
1255 855 1313 890 92.
1364 855 1419 892 Cf.
1446 857 1591 891 Marini
1614 858 1700 892 Arv.
1721 869 1758 901 p.
1784 856 1866 892 401.
1959 862 1961 866 “

1151 924 1232 948 sax.
1252 925 1432 949 rarimvs
1452 916 1675 960 [annuns]
1692 917 1843 962 praetor
1860 909 2004 960 peregr.

1195 982 1228 1005 a.
1254 972 1311 1014 27,
1337 983 1415 1009 cos.
1442 983 1523 1007 cum
1549 973 1593 1017 Q.
1612 973 1765 1008 Plautio
1791 984 1823 1007 a.
1849 972 1896 1008 36
1910 971 2009 1016 fasci

1196 1042 1288 1076 may.
1326 1031 1372 1066 cf.
1414 1032 1496 1068 Tac.
1527 1045 1608 1068 ann.
1634 1033 1668 1074 6,
1704 1033 1762 1069 40.
1825 1029 2006 1067 Omnibus

1192 1089 1399 1126 nominibus
1425 1091 1635 1126 nominatur
1660 1091 1696 1127 C.
1722 1092 1756 1128 I.
1779 1091 1820 1125 L.
1844 1091 1879 1132 5,
1902 1088 2007 1129 2823,

1194 1147 1320 1193 ibique
1346 1149 1507 1184 honores
1542 1151 1622 1185 eius
1656 1150 1899 1184 recensentur
1931 1147 2007 1181 sic:

1193 1205 1278 1240 trib.
1304 1207 1389 1250 mil.,
1422 1211 1618 1254 quaestor,
1656 1207 1802 1253 legatus
1827 1206 1887 1241 Ti.
1912 1204 2007 1240 Cae·

1128 1271 1132 1272 ’
1194 1264 1289 1299 saris
1304 1267 1477 1310 Augusti,
1503 1266 1675 1302 tribunus
1689 1265 1828 1313 plebei,
1845 1265 2007 1311 praetor,

1194 1321 1341 1368 legatus
1360 1324 1418 1358 Ti.
1437 1325 1614 1360 Caesaris
1631 1323 1797 1370 Augusti
1813 1333 1882 1369 pro
1898 1330 2008 1367 prae-

1194 1384 1275 1416 tore
1303 1383 1371 1427 (sc.
1397 1384 1613 1429 provinciae
1647 1383 1830 1424 alicuius,
1864 1378 2006 1421 consul,

1196 1440 1465 1485 quindecimvir
1490 1443 1608 1477 sacris
1642 1440 1839 1477 faciundis.
1878 1437 2008 1473 ‘Filius

1196 1499 1276 1534 eius
1301 1504 1425 1546 potest
1456 1500 1572 1535 fuisse
1596 1501 1648 1543 is,
1686 1499 1732 1534 de
1769 1499 1873 1534 cuius
1899 1496 2010 1548 exitu

1200 1557 1279 1593 Tac.
1305 1571 1390 1592 ann.
1417 1560 1451 1601 6,
1476 1559 1521 1594 49
1547 1558 1672 1593 refert.

1151 1626 1212 1651 cx.
1252 1627 1430 1651 raruuvs
1469 1628 1664 1652 AsziAnvs
1716 1626 1795 1652 008.
1837 1624 1918 1649 cum
1960 1611 2007 1647 L.

1198 1661 1529 1720 Cossonio*Eggio
1556 1675 1712 1711 Marullo
1751 1686 1783 1709 a.
1816 1673 1885 1709 184
1918 1671 2009 1710 183ῐ

1198 1731 1230 1766 Ι.
1264 1732 1309 1765 N.
1340 1733 1435 1769 4222
1460 1749 1503 1763 --
1533 1734 1593 1768 Or.
1627 1734 1736 1774 1547;
1775 1731 1811 1767 C.
1845 1729 1875 1765 Ι.
1907 1729 1947 1763 L.
1973 1729 2008 1769 6,

1197 1791 1265 1827 723
1292 1807 1335 1822 =
1359 1792 1508 1827 Henzen
1546 1793 1657 1834 60383
1701 1791 1852 1826 Henzen
1893 1788 2009 1831 6151;

1199 1848 1258 1885 Or.
1282 1850 1371 1892 8843
1398 1850 1435 1887 C.
1456 1850 1486 1886 l.
1507 1850 1548 1886 L.
1575 1852 1609 1894 2,
1634 1847 1765 1887 2554.’

1151 1907 1229 1950 [cn.
1255 1910 1617 1952 ran.m1vs]rvscvs
1645 1909 1901 1953 [sambol'rou
1926 1915 2010 1941 cos.

1198 1975 1280 2000 cum
1306 1965 1500 2002 Hadriano
1527 1969 1697 2013 Augusto
1726 1967 1766 2002 11
1802 1966 1889 2007 118,
1917 1963 1954 1998 Ο.
1981 1967 2011 1998 Ι.

1199 2026 1262 2059 Gr.
1288 2026 1391 2061 1732.
1440 2025 1631 2061 Pedanius
1651 2027 1796 2061 Fuscus
1824 2023 2011 2060 Salinator

1197 2093 1347 2128 procos.
1370 2082 1508 2125 Asiae,
1542 2094 1652 2130 quem
1684 2095 1801 2131 nuper
1832 2082 1870 2117 in
1901 2080 2009 2115 titulo

1199 2140 1345 2176 Graeco
1362 2141 1556 2187 Ephesino
1582 2146 1770 2189 repertum
1795 2151 1879 2176 esse
1894 2138 2012 2174 Wad-

1200 2197 1411 2243 dingtonius
1427 2201 1611 2235 nuntiavit
1623 2201 1867 2242 Mommseno,
1885 2199 2014 2245 potest

1201 2267 1287 2291 esse
1305 2267 1382 2292 cos.
1402 2268 1434 2293 a.
1453 2259 1532 2301 118,
1558 2262 1619 2293 aut
1635 2259 1783 2294 Fuscus
1801 2258 1849 2300 is,
1874 2256 1921 2291 de
1939 2266 2013 2302 quo

1202 2313 1294 2349 dixit
1312 2314 1410 2350 idem
1429 2315 1744 2362 Waddingtonius
1753 2318 1869 2363 fustes
1887 2327 1915 2361 p
1947 2315 2015 2350 168

1201 2386 1271 2419 seq.
1319 2373 1409 2408 Fuit
1432 2385 1568 2419 genere
1593 2376 1749 2420 patricio
1776 2375 1876 2410 Ptin.
1901 2385 1954 2416 ep.
1981 2373 2014 2414 6,

1202 2432 1260 2474 26,
1286 2433 1327 2474 1;
1353 2452 1397 2457 -
1423 2432 1567 2468 Plinius
1592 2444 1674 2468 eum
1699 2432 1863 2470 instituit
1890 2432 1914 2466 l.
1932 2444 1963 2467 c.
1979 2431 2013 2472 6,

1204 2490 1267 2532 113
1293 2493 1325 2533 7,
1350 2492 1391 2533 9;
1420 2510 1456 2516 ——
1488 2501 1623 2526 causas
1648 2502 1762 2537 agere
1787 2490 1921 2536 incipit
1947 2490 2013 2522 Le.

1203 2549 1236 2590 6,
1279 2549 1342 2591 11,
1370 2568 1411 2574 —
1436 2548 1553 2584 Iulius
1590 2549 1792 2586 Sex-vianne
1829 2549 1940 2584 filiam
1981 2548 2015 2582 ei

1205 2605 1419 2652 despondet
1443 2607 1467 2642 l.
1484 2619 1514 2642 c.
1539 2607 1573 2649 6,
1598 2607 1655 2643 26.
1672 2609 1886 2649 —Fuscus,
1910 2616 2016 2652 quem

1205 2664 1302 2710 quod
1327 2665 1516 2711 imperium
1541 2666 1750 2711 praesagiis
1783 2668 1824 2700 et
1857 2665 2016 2700 ostentis

1206 2723 1366 2768 agitatus
1398 2726 1577 2770 speraret,
1614 2723 1651 2757 in
1684 2734 1824 2759 summa
1856 2723 2016 2758 detesta-

1205 2782 1307 2816 tione
1333 2781 1380 2816 ab
1400 2781 1590 2816 Hadriano
1606 2780 1776 2816 habitum
1803 2792 1889 2816 esse
1907 2781 2016 2826 Spar-

1207 2842 1326 2875 tianus
1350 2839 1467 2874 Hadr.
1493 2840 1540 2876 23
1564 2842 1698 2882 narrat,
1726 2841 1867 2882 nescio,
1899 2842 2018 2874 utrum

1208 2902 1314 2944 pater
1350 2898 1475 2941 fuerit,
1517 2909 1564 2933 an
1588 2897 1685 2933 filius
1717 2908 1791 2932 una
1823 2908 1904 2932 cum
1931 2896 2017 2933 Ser-

1209 2957 1318 2991 viano
1332 2956 1550 2991 interfectus
1568 2957 1635 2990 Dio
1649 2957 1706 2998 69,
1722 2956 1776 2991 17.
1803 2955 1859 2991 Cf.
1871 2956 2019 2989 Momm-

1211 3026 1271 3048 sen
1297 3016 1370 3049 ind.
1396 3027 1488 3048 nonu.
1514 3015 1563 3048 acl
1588 3014 1747 3048 Plinium
1771 3014 1894 3048 Keilii.

1166 3101 1176 3111 .
1201 3099 1210 3108 .
1237 3073 1486 3116 rsnvca[sv]s
1513 3083 1733 3107 SABN1ANVS
1772 3081 1848 3106 cos.
1879 3071 1949 3106 suf.
1988 3082 2010 3106 8

1212 3132 1259 3168 89
1289 3131 1450 3166 fortasse
1487 3141 1568 3165 cum
1601 3131 1645 3165 P.
1677 3128 1854 3166 Sallustio
1879 3129 2020 3165 Blaeso

1213 3203 1330 3225 mense
1345 3191 1446 3224 Maio
1459 3190 1524 3231 89;
1538 3188 1585 3224 cf.
1598 3189 1686 3223 Gora·
1709 3187 1744 3222 Ι.
1759 3188 1800 3224 Ε.
1821 3189 1854 3231 1,
1869 3189 1925 3231 75,
1938 3189 2021 3224 213.

1169 3260 1201 3283 r.
1229 3259 1471 3284 rsscsnmvs
1498 3258 1619 3283 meua
1647 3246 1761 3282 frater
1777 3247 1926 3282 Arvalis
1942 3248 2020 3283 183.

1216 3308 1341 3344 annm.
1366 3308 1413 3340 A.
1435 3305 1596 3341 Videtur
1629 3315 1716 3340 esse
1742 3305 1855 3341 frater
1882 3305 1924 3341 C.
1951 3305 2021 3340 Pe-

1705 3363 1758 3404 14
