<?xml version="1.0" encoding="UTF-8"?>
<!DOCTYPE html PUBLIC "-//W3C//DTD XHTML 1.0 Transitional//EN"
    "http://www.w3.org/TR/xhtml1/DTD/xhtml1-transitional.dtd">
<html xmlns="http://www.w3.org/1999/xhtml" xml:lang="en" lang="en">
 <head>
  <title>
</title>
<meta http-equiv="Content-Type" content="text/html;charset=utf-8" />
  <meta name='ocr-system' content='tesseract 3.04.00' />
  <meta name='ocr-capabilities' content='ocr_page ocr_carea ocr_par ocr_line ocrx_word'/>
</head>
<body>
  <div class='ocr_page' id='page_1' title='image "./actafratrumarval00henzuoft_0485.png"; bbox 0 0 2340 3658; ppageno 0'>
   <div class='ocr_carea' id='block_1_1' title="bbox 0 0 160 3658">
    <p class='ocr_par' dir='ltr' id='par_1_1' title="bbox 0 0 160 3658">
     <span class='ocr_line' id='line_1_1' title="bbox 0 0 160 3658; baseline 0 0"><span class='ocrx_word' id='word_1_1' title='bbox 0 0 160 3658; x_wconf 95' lang='lat' dir='ltr'><strong> </strong></span> 
     </span>
    </p>
   </div>
   <div class='ocr_carea' id='block_1_2' title="bbox 971 125 2009 187">
    <p class='ocr_par' dir='ltr' id='par_1_2' title="bbox 971 125 2009 187">
     <span class='ocr_line' id='line_1_2' title="bbox 971 125 2009 187; baseline 0.012 -12"><span class='ocrx_word' id='word_1_2' title='bbox 971 139 1091 176; x_wconf 84' lang='lat' dir='ltr'><strong>Index</strong></span> <span class='ocrx_word' id='word_1_3' title='bbox 1114 141 1258 177; x_wconf 83' lang='lat' dir='ltr'>Rerum.</span> <span class='ocrx_word' id='word_1_4' title='bbox 1627 125 1631 127; x_wconf 44' lang='lat'><strong>.</strong></span> <span class='ocrx_word' id='word_1_5' title='bbox 1924 144 2009 187; x_wconf 83' lang='lat'><strong>215</strong></span> 
     </span>
    </p>
   </div>
   <div class='ocr_carea' id='block_1_3' title="bbox 99 243 1066 300">
    <p class='ocr_par' dir='ltr' id='par_1_3' title="bbox 99 243 1066 300">
     <span class='ocr_line' id='line_1_3' title="bbox 99 243 1066 300; baseline -0.006 -9"><span class='ocrx_word' id='word_1_6' title='bbox 99 243 104 247; x_wconf 43' lang='lat'><em>⁷</em></span> <span class='ocrx_word' id='word_1_7' title='bbox 139 288 141 290; x_wconf 87' lang='lat'><strong>.</strong></span> <span class='ocrx_word' id='word_1_8' title='bbox 200 253 507 291; x_wconf 74' lang='lat' dir='ltr'>Sacerdotes:</span> <span class='ocrx_word' id='word_1_9' title='bbox 542 253 703 300; x_wconf 87' lang='lat' dir='ltr'><strong>collegia</strong></span> <span class='ocrx_word' id='word_1_10' title='bbox 727 265 860 300; x_wconf 84' lang='lat' dir='ltr'><strong>magna</strong></span> <span class='ocrx_word' id='word_1_11' title='bbox 890 257 1066 293; x_wconf 79' lang='lat' dir='ltr'><strong>sacerdo-</strong></span> 
     </span>
    </p>
   </div>
   <div class='ocr_carea' id='block_1_4' title="bbox 201 311 1075 3294">
    <p class='ocr_par' dir='ltr' id='par_1_4' title="bbox 244 311 1071 1466">
     <span class='ocr_line' id='line_1_4' title="bbox 245 311 1066 359; baseline 0.004 -10"><span class='ocrx_word' id='word_1_12' title='bbox 245 311 339 349; x_wconf 76' lang='lat' dir='ltr'><strong>talia</strong></span> <span class='ocrx_word' id='word_1_13' title='bbox 372 312 439 356; x_wconf 71' lang='lat'><strong>673</strong></span> <span class='ocrx_word' id='word_1_14' title='bbox 475 333 520 338; x_wconf 89' lang='lat'><strong>—</strong></span> <span class='ocrx_word' id='word_1_15' title='bbox 563 313 807 359; x_wconf 86' lang='lat' dir='ltr'><strong>imperatores</strong></span> <span class='ocrx_word' id='word_1_16' title='bbox 843 314 881 349; x_wconf 91' lang='lat' dir='ltr'><strong>in</strong></span> <span class='ocrx_word' id='word_1_17' title='bbox 919 326 966 351; x_wconf 91' lang='lat' dir='ltr'><strong>ea</strong></span> <span class='ocrx_word' id='word_1_18' title='bbox 1001 317 1066 352; x_wconf 87' lang='lat' dir='ltr'><strong>ad-</strong></span> 
     </span>
     <span class='ocr_line' id='line_1_5' title="bbox 245 371 1066 422; baseline 0.005 -16"><span class='ocrx_word' id='word_1_19' title='bbox 245 371 377 418; x_wconf 76' lang='lat' dir='ltr'><strong>scripti</strong></span> <span class='ocrx_word' id='word_1_20' title='bbox 390 371 515 406; x_wconf 86' lang='lat' dir='ltr'><strong>statim</strong></span> <span class='ocrx_word' id='word_1_21' title='bbox 531 375 727 418; x_wconf 81' lang='lat' dir='ltr'><strong>postquam</strong></span> <span class='ocrx_word' id='word_1_22' title='bbox 737 373 928 420; x_wconf 89' lang='lat' dir='ltr'><strong>imperium</strong></span> <span class='ocrx_word' id='word_1_23' title='bbox 942 375 1066 422; x_wconf 87' lang='lat' dir='ltr'><strong>auspi-</strong></span> 
     </span>
     <span class='ocr_line' id='line_1_6' title="bbox 245 430 1068 480; baseline 0.007 -16"><span class='ocrx_word' id='word_1_24' title='bbox 245 430 322 464; x_wconf 89' lang='lat' dir='ltr'><strong>cati</strong></span> <span class='ocrx_word' id='word_1_25' title='bbox 346 433 435 465; x_wconf 90' lang='lat' dir='ltr'><strong>sunt</strong></span> <span class='ocrx_word' id='word_1_26' title='bbox 457 431 549 471; x_wconf 67' lang='lat' dir='ltr'><strong>iba-3</strong></span> <span class='ocrx_word' id='word_1_27' title='bbox 576 449 615 455; x_wconf 86' lang='lat'>—</span> <span class='ocrx_word' id='word_1_28' title='bbox 643 431 861 467; x_wconf 78' lang='lat' dir='ltr'><strong>sacerdotes</strong></span> <span class='ocrx_word' id='word_1_29' title='bbox 887 434 1068 480; x_wconf 89' lang='lat' dir='ltr'><strong>cooptati,</strong></span> 
     </span>
     <span class='ocr_line' id='line_1_7' title="bbox 246 488 1067 535; baseline 0.005 -12"><span class='ocrx_word' id='word_1_30' title='bbox 246 491 382 535; x_wconf 83' lang='lat' dir='ltr'><strong>postea</strong></span> <span class='ocrx_word' id='word_1_31' title='bbox 404 488 523 524; x_wconf 88' lang='lat' dir='ltr'><strong>creati</strong></span> <span class='ocrx_word' id='word_1_32' title='bbox 546 499 569 522; x_wconf 95' lang='lat' dir='ltr'><strong>a</strong></span> <span class='ocrx_word' id='word_1_33' title='bbox 592 489 730 535; x_wconf 87' lang='lat' dir='ltr'><strong>populo</strong></span> <span class='ocrx_word' id='word_1_34' title='bbox 754 491 898 526; x_wconf 90' lang='lat' dir='ltr'><strong>ratione</strong></span> <span class='ocrx_word' id='word_1_35' title='bbox 925 491 1067 535; x_wconf 86' lang='lat' dir='ltr'><strong>eadem,</strong></span> 
     </span>
     <span class='ocr_line' id='line_1_8' title="bbox 246 546 1071 594; baseline 0.006 -13"><span class='ocrx_word' id='word_1_36' title='bbox 246 558 320 593; x_wconf 87' lang='lat' dir='ltr'><strong>qua</strong></span> <span class='ocrx_word' id='word_1_37' title='bbox 342 546 511 593; x_wconf 76' lang='lat' dir='ltr'><strong>pontifex</strong></span> <span class='ocrx_word' id='word_1_38' title='bbox 546 547 725 583; x_wconf 77' lang='lat' dir='ltr'><strong>maximus</strong></span> <span class='ocrx_word' id='word_1_39' title='bbox 762 549 880 584; x_wconf 88' lang='lat' dir='ltr'><strong>creari</strong></span> <span class='ocrx_word' id='word_1_40' title='bbox 903 550 1071 594; x_wconf 74' lang='lat' dir='ltr'><strong>solebat,</strong></span> 
     </span>
     <span class='ocr_line' id='line_1_9' title="bbox 247 605 1071 653; baseline 0.004 -11"><span class='ocrx_word' id='word_1_41' title='bbox 247 617 301 643; x_wconf 91' lang='lat' dir='ltr'><strong>sc.</strong></span> <span class='ocrx_word' id='word_1_42' title='bbox 326 617 395 653; x_wconf 89' lang='lat' dir='ltr'><strong>per</strong></span> <span class='ocrx_word' id='word_1_43' title='bbox 417 605 536 641; x_wconf 88' lang='lat' dir='ltr'><strong>tribus</strong></span> <span class='ocrx_word' id='word_1_44' title='bbox 562 606 840 652; x_wconf 79' lang='lat' dir='ltr'><strong>septemdecim,</strong></span> <span class='ocrx_word' id='word_1_45' title='bbox 871 609 925 644; x_wconf 85' lang='lat' dir='ltr'><strong>ita</strong></span> <span class='ocrx_word' id='word_1_46' title='bbox 946 613 1071 644; x_wconf 88' lang='lat' dir='ltr'><strong>tamen</strong></span> 
     </span>
     <span class='ocr_line' id='line_1_10' title="bbox 245 664 1070 712; baseline 0.004 -12"><span class='ocrx_word' id='word_1_47' title='bbox 245 667 289 700; x_wconf 89' lang='lat' dir='ltr'><strong>ut</strong></span> <span class='ocrx_word' id='word_1_48' title='bbox 304 664 466 712; x_wconf 87' lang='lat' dir='ltr'><strong>populus</strong></span> <span class='ocrx_word' id='word_1_49' title='bbox 491 665 668 709; x_wconf 83' lang='lat' dir='ltr'><strong>suffragia</strong></span> <span class='ocrx_word' id='word_1_50' title='bbox 691 676 762 700; x_wconf 91' lang='lat' dir='ltr'><strong>non</strong></span> <span class='ocrx_word' id='word_1_51' title='bbox 790 666 903 702; x_wconf 85' lang='lat' dir='ltr'><strong>ferret</strong></span> <span class='ocrx_word' id='word_1_52' title='bbox 925 668 996 702; x_wconf 87' lang='lat' dir='ltr'><strong>nisi</strong></span> <span class='ocrx_word' id='word_1_53' title='bbox 1024 668 1070 703; x_wconf 91' lang='lat' dir='ltr'><strong>de</strong></span> 
     </span>
     <span class='ocr_line' id='line_1_11' title="bbox 246 723 1070 770; baseline 0.001 -10"><span class='ocrx_word' id='word_1_54' title='bbox 246 723 296 760; x_wconf 87' lang='lat' dir='ltr'><strong>iis</strong></span> <span class='ocrx_word' id='word_1_55' title='bbox 322 723 384 770; x_wconf 89' lang='lat' dir='ltr'><strong>qui</strong></span> <span class='ocrx_word' id='word_1_56' title='bbox 410 734 433 758; x_wconf 90' lang='lat' dir='ltr'><strong>a</strong></span> <span class='ocrx_word' id='word_1_57' title='bbox 448 723 609 768; x_wconf 88' lang='lat' dir='ltr'><strong>collegio</strong></span> <span class='ocrx_word' id='word_1_58' title='bbox 635 724 812 760; x_wconf 91' lang='lat' dir='ltr'><strong>nominati</strong></span> <span class='ocrx_word' id='word_1_59' title='bbox 833 728 962 761; x_wconf 82' lang='lat' dir='ltr'><strong>essent</strong></span> <span class='ocrx_word' id='word_1_60' title='bbox 977 727 1070 769; x_wconf 73' lang='lat' dir='ltr'><strong>ibd.;</strong></span> 
     </span>
     <span class='ocr_line' id='line_1_12' title="bbox 245 782 1071 828; baseline 0.005 -12"><span class='ocrx_word' id='word_1_61' title='bbox 245 802 291 808; x_wconf 92' lang='lat'>—</span> <span class='ocrx_word' id='word_1_62' title='bbox 317 784 443 818; x_wconf 84' lang='lat' dir='ltr'><strong>aetate</strong></span> <span class='ocrx_word' id='word_1_63' title='bbox 467 782 729 828; x_wconf 86' lang='lat' dir='ltr'><strong>imperatorum</strong></span> <span class='ocrx_word' id='word_1_64' title='bbox 753 783 811 818; x_wconf 87' lang='lat' dir='ltr'><strong>ius</strong></span> <span class='ocrx_word' id='word_1_65' title='bbox 830 784 1071 820; x_wconf 83' lang='lat' dir='ltr'><strong>creandorum</strong></span> 
     </span>
     <span class='ocr_line' id='line_1_13' title="bbox 245 840 1071 888; baseline 0 -10"><span class='ocrx_word' id='word_1_66' title='bbox 245 841 482 878; x_wconf 87' lang='lat' dir='ltr'><strong>sacerdotum</strong></span> <span class='ocrx_word' id='word_1_67' title='bbox 506 840 555 876; x_wconf 88' lang='lat' dir='ltr'><strong>ad</strong></span> <span class='ocrx_word' id='word_1_68' title='bbox 571 841 828 888; x_wconf 80' lang='lat' dir='ltr'><strong>imperatorem</strong></span> <span class='ocrx_word' id='word_1_69' title='bbox 848 845 886 878; x_wconf 87' lang='lat' dir='ltr'><strong>et</strong></span> <span class='ocrx_word' id='word_1_70' title='bbox 902 846 1071 878; x_wconf 89' lang='lat' dir='ltr'><strong>senatum</strong></span> 
     </span>
     <span class='ocr_line' id='line_1_14' title="bbox 246 899 1069 948; baseline 0.001 -13"><span class='ocrx_word' id='word_1_71' title='bbox 246 899 398 935; x_wconf 87' lang='lat' dir='ltr'><strong>transiit</strong></span> <span class='ocrx_word' id='word_1_72' title='bbox 421 900 517 942; x_wconf 77' lang='lat' dir='ltr'><strong>ihd.;</strong></span> <span class='ocrx_word' id='word_1_73' title='bbox 536 919 580 925; x_wconf 95' lang='lat'>—</span> <span class='ocrx_word' id='word_1_74' title='bbox 605 901 891 947; x_wconf 80' lang='lat' dir='ltr'><strong>imperatoribus</strong></span> <span class='ocrx_word' id='word_1_75' title='bbox 917 905 955 936; x_wconf 87' lang='lat' dir='ltr'><strong>et</strong></span> <span class='ocrx_word' id='word_1_76' title='bbox 972 902 1069 948; x_wconf 91' lang='lat' dir='ltr'><strong>prin-</strong></span> 
     </span>
     <span class='ocr_line' id='line_1_15' title="bbox 246 957 1070 1005; baseline 0.001 -11"><span class='ocrx_word' id='word_1_77' title='bbox 246 957 395 1005; x_wconf 89' lang='lat' dir='ltr'><strong>cipibus</strong></span> <span class='ocrx_word' id='word_1_78' title='bbox 427 957 558 994; x_wconf 90' lang='lat' dir='ltr'><strong>domus</strong></span> <span class='ocrx_word' id='word_1_79' title='bbox 583 959 777 1004; x_wconf 76' lang='lat' dir='ltr'><strong>Augustae</strong></span> <span class='ocrx_word' id='word_1_80' title='bbox 809 960 1023 995; x_wconf 84' lang='lat' dir='ltr'><strong>sacerdotia</strong></span> <span class='ocrx_word' id='word_1_81' title='bbox 1048 972 1070 995; x_wconf 91' lang='lat' dir='ltr'><strong>a</strong></span> 
     </span>
     <span class='ocr_line' id='line_1_16' title="bbox 246 1016 1069 1059; baseline 0.004 -8"><span class='ocrx_word' id='word_1_82' title='bbox 246 1019 382 1052; x_wconf 86' lang='lat' dir='ltr'><strong>senatu</strong></span> <span class='ocrx_word' id='word_1_83' title='bbox 405 1016 546 1051; x_wconf 85' lang='lat' dir='ltr'><strong>tributa</strong></span> <span class='ocrx_word' id='word_1_84' title='bbox 569 1019 661 1059; x_wconf 77' lang='lat' dir='ltr'><strong>ibd.;</strong></span> <span class='ocrx_word' id='word_1_85' title='bbox 685 1037 729 1043; x_wconf 88' lang='lat'><em>-</em></span> <span class='ocrx_word' id='word_1_86' title='bbox 763 1018 982 1054; x_wconf 86' lang='lat' dir='ltr'><strong>sacerdotes</strong></span> <span class='ocrx_word' id='word_1_87' title='bbox 1015 1031 1069 1054; x_wconf 87' lang='lat' dir='ltr'><strong>re-</strong></span> 
     </span>
     <span class='ocr_line' id='line_1_17' title="bbox 245 1075 1068 1115; baseline 0.005 -4"><span class='ocrx_word' id='word_1_88' title='bbox 245 1076 406 1111; x_wconf 87' lang='lat' dir='ltr'><strong>nuntiati</strong></span> <span class='ocrx_word' id='word_1_89' title='bbox 430 1075 468 1109; x_wconf 89' lang='lat' dir='ltr'><strong>in</strong></span> <span class='ocrx_word' id='word_1_90' title='bbox 494 1076 655 1111; x_wconf 88' lang='lat' dir='ltr'><strong>comitiis</strong></span> <span class='ocrx_word' id='word_1_91' title='bbox 680 1078 751 1111; x_wconf 72' lang='lat' dir='ltr'><strong>iba.</strong></span> <span class='ocrx_word' id='word_1_92' title='bbox 772 1097 812 1102; x_wconf 90' lang='lat'>—</span> <span class='ocrx_word' id='word_1_93' title='bbox 841 1078 1068 1115; x_wconf 82' lang='lat' dir='ltr'><strong>Sacerdotes</strong></span> 
     </span>
     <span class='ocr_line' id='line_1_18' title="bbox 247 1133 1068 1181; baseline 0.006 -11"><span class='ocrx_word' id='word_1_94' title='bbox 247 1133 517 1181; x_wconf 82' lang='lat' dir='ltr'><strong>imp(eratoris)</strong></span> <span class='ocrx_word' id='word_1_95' title='bbox 570 1135 764 1180; x_wconf 73' lang='lat' dir='ltr'><strong>Aug-(usti)</strong></span> <span class='ocrx_word' id='word_1_96' title='bbox 808 1137 854 1172; x_wconf 89' lang='lat'><strong>13</strong></span> <span class='ocrx_word' id='word_1_97' title='bbox 901 1139 966 1179; x_wconf 83' lang='grc'><strong>16;</strong></span> <span class='ocrx_word' id='word_1_98' title='bbox 1025 1159 1068 1165; x_wconf 87' lang='grc'><strong>-</strong></span> 
     </span>
     <span class='ocr_line' id='line_1_19' title="bbox 247 1192 1067 1243; baseline 0.005 -14"><span class='ocrx_word' id='word_1_99' title='bbox 247 1195 437 1239; x_wconf 84' lang='lat' dir='ltr'><strong>nequeunt</strong></span> <span class='ocrx_word' id='word_1_100' title='bbox 467 1203 552 1228; x_wconf 88' lang='lat' dir='ltr'><strong>esse</strong></span> <span class='ocrx_word' id='word_1_101' title='bbox 588 1192 807 1230; x_wconf 78' lang='lat' dir='ltr'><strong>sacerdotes</strong></span> <span class='ocrx_word' id='word_1_102' title='bbox 842 1195 903 1231; x_wconf 86' lang='lat' dir='ltr'><strong>dei</strong></span> <span class='ocrx_word' id='word_1_103' title='bbox 933 1197 1067 1243; x_wconf 81' lang='lat' dir='ltr'><strong>Elaga-</strong></span> 
     </span>
     <span class='ocr_line' id='line_1_20' title="bbox 244 1250 1068 1294; baseline 0.008 -8"><span class='ocrx_word' id='word_1_104' title='bbox 244 1250 321 1286; x_wconf 89' lang='lat' dir='ltr'><strong>bali</strong></span> <span class='ocrx_word' id='word_1_105' title='bbox 354 1252 417 1294; x_wconf 84' lang='lat'><strong>17;</strong></span> <span class='ocrx_word' id='word_1_106' title='bbox 458 1271 500 1277; x_wconf 89' lang='lat'>—</span> <span class='ocrx_word' id='word_1_107' title='bbox 532 1256 639 1288; x_wconf 85' lang='lat' dir='ltr'><strong>erant</strong></span> <span class='ocrx_word' id='word_1_108' title='bbox 671 1254 833 1290; x_wconf 89' lang='lat' dir='ltr'><strong>instituti</strong></span> <span class='ocrx_word' id='word_1_109' title='bbox 877 1256 912 1291; x_wconf 92' lang='lat' dir='ltr'><strong>in</strong></span> <span class='ocrx_word' id='word_1_110' title='bbox 953 1257 1068 1293; x_wconf 88' lang='lat' dir='ltr'><strong>hono-</strong></span> 
     </span>
     <span class='ocr_line' id='line_1_21' title="bbox 245 1311 1067 1358; baseline 0.011 -14"><span class='ocrx_word' id='word_1_111' title='bbox 245 1321 321 1350; x_wconf 84' lang='lat' dir='ltr'><strong>rem</strong></span> <span class='ocrx_word' id='word_1_112' title='bbox 344 1311 578 1357; x_wconf 89' lang='lat' dir='ltr'><strong>imperatoris</strong></span> <span class='ocrx_word' id='word_1_113' title='bbox 608 1314 728 1358; x_wconf 87' lang='lat' dir='ltr'><strong>ipsius</strong></span> <span class='ocrx_word' id='word_1_114' title='bbox 758 1317 829 1350; x_wconf 76' lang='lat' dir='ltr'><strong>ibd.</strong></span> <span class='ocrx_word' id='word_1_115' title='bbox 858 1336 899 1341; x_wconf 91' lang='lat'><strong>—</strong></span> <span class='ocrx_word' id='word_1_116' title='bbox 936 1316 1067 1352; x_wconf 88' lang='lat' dir='ltr'><strong>Sacer-</strong></span> 
     </span>
     <span class='ocr_line' id='line_1_22' title="bbox 247 1367 1069 1421; baseline 0.011 -19"><span class='ocrx_word' id='word_1_117' title='bbox 247 1367 357 1403; x_wconf 85' lang='lat' dir='ltr'><strong>dotes</strong></span> <span class='ocrx_word' id='word_1_118' title='bbox 394 1368 524 1405; x_wconf 88' lang='lat' dir='ltr'><strong>domus</strong></span> <span class='ocrx_word' id='word_1_119' title='bbox 561 1371 757 1416; x_wconf 79' lang='lat' dir='ltr'><strong>Augustae</strong></span> <span class='ocrx_word' id='word_1_120' title='bbox 795 1385 867 1410; x_wconf 90' lang='lat' dir='ltr'><strong>non</strong></span> <span class='ocrx_word' id='word_1_121' title='bbox 909 1379 1069 1421; x_wconf 83' lang='lat' dir='ltr'><strong>possunt</strong></span> 
     </span>
     <span class='ocr_line' id='line_1_23' title="bbox 247 1427 534 1466; baseline 0.007 -4"><span class='ocrx_word' id='word_1_122' title='bbox 247 1437 334 1462; x_wconf 86' lang='lat' dir='ltr'><strong>esse</strong></span> <span class='ocrx_word' id='word_1_123' title='bbox 360 1427 451 1463; x_wconf 90' lang='lat' dir='ltr'><strong>Salii</strong></span> <span class='ocrx_word' id='word_1_124' title='bbox 478 1431 534 1466; x_wconf 88' lang='lat'><strong>16.</strong></span> 
     </span>
    </p>

    <p class='ocr_par' dir='ltr' id='par_1_5' title="bbox 201 1483 1075 3294">
     <span class='ocr_line' id='line_1_24' title="bbox 201 1483 1070 1528; baseline 0.008 -7"><span class='ocrx_word' id='word_1_125' title='bbox 201 1483 507 1522; x_wconf 90' lang='lat' dir='ltr'><strong>Sacerdotia:</strong></span> <span class='ocrx_word' id='word_1_126' title='bbox 558 1490 778 1525; x_wconf 87' lang='lat' dir='ltr'><strong>sacrificium</strong></span> <span class='ocrx_word' id='word_1_127' title='bbox 826 1493 874 1527; x_wconf 94' lang='lat' dir='ltr'><strong>ob</strong></span> <span class='ocrx_word' id='word_1_128' title='bbox 918 1493 1070 1528; x_wconf 88' lang='lat' dir='ltr'><strong>comitia</strong></span> 
     </span>
     <span class='ocr_line' id='line_1_25' title="bbox 247 1544 934 1596; baseline 0.012 -18"><span class='ocrx_word' id='word_1_129' title='bbox 247 1544 540 1582; x_wconf 76' lang='lat' dir='ltr'><strong>sacerdotiorum</strong></span> <span class='ocrx_word' id='word_1_130' title='bbox 569 1547 730 1584; x_wconf 84' lang='lat' dir='ltr'><strong>Othonis</strong></span> <span class='ocrx_word' id='word_1_131' title='bbox 754 1547 852 1596; x_wconf 83' lang='lat' dir='ltr'><strong>Aug.</strong></span> <span class='ocrx_word' id='word_1_132' title='bbox 877 1553 934 1587; x_wconf 83' lang='grc'><strong>67.</strong></span> 
     </span>
     <span class='ocr_line' id='line_1_26' title="bbox 201 1602 1070 1646; baseline 0.01 -9"><span class='ocrx_word' id='word_1_133' title='bbox 201 1602 502 1640; x_wconf 82' lang='lat' dir='ltr'><strong>Sacrificium</strong></span> <span class='ocrx_word' id='word_1_134' title='bbox 545 1605 663 1643; x_wconf 90' lang='lat' dir='ltr'><strong>deae</strong></span> <span class='ocrx_word' id='word_1_135' title='bbox 711 1608 825 1643; x_wconf 85' lang='lat' dir='ltr'><strong>Diae</strong></span> <span class='ocrx_word' id='word_1_136' title='bbox 881 1621 1070 1646; x_wconf 90' lang='lat' dir='ltr'><strong>annuum</strong></span> 
     </span>
     <span class='ocr_line' id='line_1_27' title="bbox 245 1663 1071 1706; baseline 0.01 -9"><span class='ocrx_word' id='word_1_137' title='bbox 245 1663 393 1705; x_wconf 81' lang='lat'>3-48;</span> <span class='ocrx_word' id='word_1_138' title='bbox 433 1683 475 1689; x_wconf 87' lang='lat'><em>-</em></span> <span class='ocrx_word' id='word_1_139' title='bbox 516 1668 596 1701; x_wconf 85' lang='lat' dir='ltr'><strong>erat</strong></span> <span class='ocrx_word' id='word_1_140' title='bbox 634 1666 851 1703; x_wconf 87' lang='lat' dir='ltr'><strong>indictivum</strong></span> <span class='ocrx_word' id='word_1_141' title='bbox 892 1672 931 1704; x_wconf 88' lang='lat' dir='ltr'><strong>et</strong></span> <span class='ocrx_word' id='word_1_142' title='bbox 970 1670 1071 1706; x_wconf 81' lang='lat' dir='ltr'><strong>Maio</strong></span> 
     </span>
     <span class='ocr_line' id='line_1_28' title="bbox 250 1723 1071 1770; baseline 0.011 -15"><span class='ocrx_word' id='word_1_143' title='bbox 250 1731 379 1757; x_wconf 84' lang='lat' dir='ltr'><strong>mensa</strong></span> <span class='ocrx_word' id='word_1_144' title='bbox 391 1723 508 1758; x_wconf 87' lang='lat' dir='ltr'><strong>ternis</strong></span> <span class='ocrx_word' id='word_1_145' title='bbox 534 1725 732 1770; x_wconf 86' lang='lat' dir='ltr'><strong>quotannis</strong></span> <span class='ocrx_word' id='word_1_146' title='bbox 752 1726 886 1762; x_wconf 90' lang='lat' dir='ltr'><strong>diebus</strong></span> <span class='ocrx_word' id='word_1_147' title='bbox 909 1728 1071 1764; x_wconf 86' lang='lat' dir='ltr'><strong>celebra-</strong></span> 
     </span>
     <span class='ocr_line' id='line_1_29' title="bbox 247 1779 1075 1823; baseline 0.011 -9"><span class='ocrx_word' id='word_1_148' title='bbox 247 1779 357 1816; x_wconf 85' lang='lat' dir='ltr'><strong>batur</strong></span> <span class='ocrx_word' id='word_1_149' title='bbox 380 1781 450 1823; x_wconf 87' lang='lat' dir='ltr'><strong>ita,</strong></span> <span class='ocrx_word' id='word_1_150' title='bbox 487 1785 528 1816; x_wconf 94' lang='lat' dir='ltr'><strong>ut</strong></span> <span class='ocrx_word' id='word_1_151' title='bbox 552 1783 658 1818; x_wconf 88' lang='lat' dir='ltr'><strong>aunis</strong></span> <span class='ocrx_word' id='word_1_152' title='bbox 683 1796 793 1820; x_wconf 85' lang='lat' dir='ltr'><strong>aerae</strong></span> <span class='ocrx_word' id='word_1_153' title='bbox 817 1785 1075 1823; x_wconf 80' lang='lat' dir='ltr'><strong>Varronianae</strong></span> 
     </span>
     <span class='ocr_line' id='line_1_30' title="bbox 245 1839 1069 1889; baseline 0.01 -16"><span class='ocrx_word' id='word_1_154' title='bbox 245 1839 399 1885; x_wconf 89' lang='lat' dir='ltr'><strong>paribus</strong></span> <span class='ocrx_word' id='word_1_155' title='bbox 423 1839 530 1876; x_wconf 87' lang='lat' dir='ltr'><strong>fieret</strong></span> <span class='ocrx_word' id='word_1_156' title='bbox 554 1841 685 1878; x_wconf 86' lang='lat' dir='ltr'><strong>diebus</strong></span> <span class='ocrx_word' id='word_1_157' title='bbox 709 1844 806 1880; x_wconf 85' lang='lat' dir='ltr'><strong>XVI</strong></span> <span class='ocrx_word' id='word_1_158' title='bbox 830 1845 944 1880; x_wconf 85' lang='lat' dir='ltr'>XIIII</span> <span class='ocrx_word' id='word_1_159' title='bbox 962 1845 1069 1889; x_wconf 85' lang='lat' dir='ltr'>XIII,</span> 
     </span>
     <span class='ocr_line' id='line_1_31' title="bbox 247 1897 1069 1944; baseline 0.011 -13"><span class='ocrx_word' id='word_1_160' title='bbox 247 1897 450 1944; x_wconf 83' lang='lat' dir='ltr'><strong>imparibus</strong></span> <span class='ocrx_word' id='word_1_161' title='bbox 476 1899 608 1936; x_wconf 89' lang='lat' dir='ltr'><strong>diebus</strong></span> <span class='ocrx_word' id='word_1_162' title='bbox 625 1902 684 1936; x_wconf 91' lang='lat' dir='ltr'><strong>VI</strong></span> <span class='ocrx_word' id='word_1_163' title='bbox 706 1902 785 1938; x_wconf 89' lang='lat'>1111</span> <span class='ocrx_word' id='word_1_164' title='bbox 809 1903 867 1938; x_wconf 93' lang='grc' dir='ltr'><strong>ΙΠ</strong></span> <span class='ocrx_word' id='word_1_165' title='bbox 889 1903 1069 1940; x_wconf 84' lang='lat' dir='ltr'><strong>kalendas</strong></span> 
     </span>
     <span class='ocr_line' id='line_1_32' title="bbox 247 1957 1067 2004; baseline 0.007 -12"><span class='ocrx_word' id='word_1_166' title='bbox 247 1957 377 1993; x_wconf 89' lang='lat' dir='ltr'><strong>Iunias</strong></span> <span class='ocrx_word' id='word_1_167' title='bbox 401 1959 424 1994; x_wconf 90' lang='lat'><strong>3</strong></span> <span class='ocrx_word' id='word_1_168' title='bbox 447 1959 487 2004; x_wconf 76' lang='lat'><strong>43</strong></span> <span class='ocrx_word' id='word_1_169' title='bbox 520 1958 567 1994; x_wconf 88' lang='lat' dir='ltr'><strong>de</strong></span> <span class='ocrx_word' id='word_1_170' title='bbox 592 1963 716 1996; x_wconf 87' lang='lat' dir='ltr'><strong>aetate</strong></span> <span class='ocrx_word' id='word_1_171' title='bbox 740 1960 904 1997; x_wconf 88' lang='lat' dir='ltr'><strong>Neronis</strong></span> <span class='ocrx_word' id='word_1_172' title='bbox 929 1965 968 1997; x_wconf 87' lang='lat' dir='ltr'><strong>et</strong></span> <span class='ocrx_word' id='word_1_173' title='bbox 992 1963 1067 1998; x_wconf 93' lang='lat' dir='ltr'><strong>Do-</strong></span> 
     </span>
     <span class='ocr_line' id='line_1_33' title="bbox 246 2016 1068 2067; baseline 0.007 -17"><span class='ocrx_word' id='word_1_174' title='bbox 246 2016 389 2051; x_wconf 87' lang='lat' dir='ltr'><strong>mitiani</strong></span> <span class='ocrx_word' id='word_1_175' title='bbox 418 2017 459 2058; x_wconf 81' lang='lat'><strong>4;</strong></span> <span class='ocrx_word' id='word_1_176' title='bbox 492 2037 534 2043; x_wconf 90' lang='lat'><em>-</em></span> <span class='ocrx_word' id='word_1_177' title='bbox 569 2029 653 2053; x_wconf 92' lang='lat' dir='ltr'><strong>num</strong></span> <span class='ocrx_word' id='word_1_178' title='bbox 684 2019 783 2055; x_wconf 90' lang='lat' dir='ltr'><strong>idem</strong></span> <span class='ocrx_word' id='word_1_179' title='bbox 815 2020 926 2056; x_wconf 81' lang='lat' dir='ltr'><strong>fuerit</strong></span> <span class='ocrx_word' id='word_1_180' title='bbox 956 2023 1068 2067; x_wconf 87' lang='lat' dir='ltr'><strong>atque</strong></span> 
     </span>
     <span class='ocr_line' id='line_1_34' title="bbox 245 2074 1068 2123; baseline 0.009 -15"><span class='ocrx_word' id='word_1_181' title='bbox 245 2074 489 2111; x_wconf 81' lang='lat' dir='ltr'><strong>Ambarvalia</strong></span> <span class='ocrx_word' id='word_1_182' title='bbox 508 2077 667 2119; x_wconf 83' lang='lat'><strong>46—483</strong></span> <span class='ocrx_word' id='word_1_183' title='bbox 688 2099 728 2103; x_wconf 93' lang='lat'><em>-</em></span> <span class='ocrx_word' id='word_1_184' title='bbox 754 2079 980 2123; x_wconf 85' lang='lat' dir='ltr'><strong>temporibus</strong></span> <span class='ocrx_word' id='word_1_185' title='bbox 1005 2091 1068 2115; x_wconf 87' lang='lat' dir='ltr'><strong>au—</strong></span> 
     </span>
     <span class='ocr_line' id='line_1_35' title="bbox 246 2133 1068 2181; baseline 0.011 -14"><span class='ocrx_word' id='word_1_186' title='bbox 246 2133 469 2179; x_wconf 85' lang='lat' dir='ltr'><strong>tiquioribus</strong></span> <span class='ocrx_word' id='word_1_187' title='bbox 493 2135 530 2169; x_wconf 92' lang='lat' dir='ltr'><strong>in</strong></span> <span class='ocrx_word' id='word_1_188' title='bbox 549 2138 635 2170; x_wconf 85' lang='lat' dir='ltr'><strong>acta</strong></span> <span class='ocrx_word' id='word_1_189' title='bbox 658 2147 729 2172; x_wconf 90' lang='lat' dir='ltr'><strong>non</strong></span> <span class='ocrx_word' id='word_1_190' title='bbox 753 2137 984 2174; x_wconf 84' lang='lat' dir='ltr'><strong>referebatur</strong></span> <span class='ocrx_word' id='word_1_191' title='bbox 1007 2141 1068 2181; x_wconf 75' lang='lat'><strong>103</strong></span> 
     </span>
     <span class='ocr_line' id='line_1_36' title="bbox 248 2191 1067 2239; baseline 0.009 -13"><span class='ocrx_word' id='word_1_192' title='bbox 248 2191 384 2228; x_wconf 87' lang='lat' dir='ltr'><strong>deinde</strong></span> <span class='ocrx_word' id='word_1_193' title='bbox 411 2194 714 2239; x_wconf 84' lang='lat' dir='ltr'><strong>perscribebatur</strong></span> <span class='ocrx_word' id='word_1_194' title='bbox 743 2196 826 2232; x_wconf 88' lang='lat' dir='ltr'><strong>dies</strong></span> <span class='ocrx_word' id='word_1_195' title='bbox 858 2208 971 2238; x_wconf 87' lang='lat' dir='ltr'><strong>nnus,</strong></span> <span class='ocrx_word' id='word_1_196' title='bbox 1002 2198 1067 2232; x_wconf 90' lang='lat' dir='ltr'><strong>ad-</strong></span> 
     </span>
     <span class='ocr_line' id='line_1_37' title="bbox 250 2250 1069 2298; baseline 0.009 -13"><span class='ocrx_word' id='word_1_197' title='bbox 250 2250 331 2285; x_wconf 90' lang='lat' dir='ltr'><strong>dita</strong></span> <span class='ocrx_word' id='word_1_198' title='bbox 355 2262 614 2298; x_wconf 89' lang='lat' dir='ltr'><strong>nonnunquam</strong></span> <span class='ocrx_word' id='word_1_199' title='bbox 644 2254 832 2289; x_wconf 88' lang='lat' dir='ltr'><strong>mentione</strong></span> <span class='ocrx_word' id='word_1_200' title='bbox 866 2254 940 2290; x_wconf 89' lang='lat' dir='ltr'><strong>diei</strong></span> <span class='ocrx_word' id='word_1_201' title='bbox 971 2258 1069 2292; x_wconf 86' lang='lat' dir='ltr'><strong>tertii</strong></span> 
     </span>
     <span class='ocr_line' id='line_1_38' title="bbox 247 2309 1069 2363; baseline 0.01 -19"><span class='ocrx_word' id='word_1_202' title='bbox 247 2310 336 2351; x_wconf 53' lang='lat' dir='ltr'><strong>ilum</strong></span> <span class='ocrx_word' id='word_1_203' title='bbox 362 2309 446 2345; x_wconf 91' lang='lat' dir='ltr'><strong>dies</strong></span> <span class='ocrx_word' id='word_1_204' title='bbox 469 2313 545 2346; x_wconf 88' lang='lat' dir='ltr'><strong>tres</strong></span> <span class='ocrx_word' id='word_1_205' title='bbox 562 2312 716 2357; x_wconf 89' lang='lat' dir='ltr'><strong>primum</strong></span> <span class='ocrx_word' id='word_1_206' title='bbox 742 2323 772 2347; x_wconf 91' lang='lat' dir='ltr'><strong>a.</strong></span> <span class='ocrx_word' id='word_1_207' title='bbox 791 2313 835 2349; x_wconf 92' lang='lat'><strong>81</strong></span> <span class='ocrx_word' id='word_1_208' title='bbox 859 2316 1069 2363; x_wconf 85' lang='lat' dir='ltr'><strong>perscripti,</strong></span> 
     </span>
     <span class='ocr_line' id='line_1_39' title="bbox 247 2368 1070 2418; baseline 0.01 -16"><span class='ocrx_word' id='word_1_209' title='bbox 247 2368 294 2402; x_wconf 91' lang='lat' dir='ltr'><strong>ab</strong></span> <span class='ocrx_word' id='word_1_210' title='bbox 319 2379 366 2404; x_wconf 91' lang='lat' dir='ltr'><strong>eo</strong></span> <span class='ocrx_word' id='word_1_211' title='bbox 399 2368 486 2404; x_wconf 87' lang='lat' dir='ltr'><strong>inde</strong></span> <span class='ocrx_word' id='word_1_212' title='bbox 517 2373 682 2416; x_wconf 87' lang='lat' dir='ltr'><strong>tempore</strong></span> <span class='ocrx_word' id='word_1_213' title='bbox 712 2372 883 2418; x_wconf 84' lang='lat' dir='ltr'><strong>exceptis</strong></span> <span class='ocrx_word' id='word_1_214' title='bbox 914 2375 1012 2410; x_wconf 89' lang='lat' dir='ltr'><strong>actis</strong></span> <span class='ocrx_word' id='word_1_215' title='bbox 1037 2386 1070 2410; x_wconf 92' lang='lat' dir='ltr'><strong>a.</strong></span> 
     </span>
     <span class='ocr_line' id='line_1_40' title="bbox 247 2427 1069 2475; baseline 0.006 -11"><span class='ocrx_word' id='word_1_216' title='bbox 247 2427 293 2464; x_wconf 78' lang='lat'><strong>8‘1</strong></span> <span class='ocrx_word' id='word_1_217' title='bbox 319 2430 359 2462; x_wconf 92' lang='lat' dir='ltr'><strong>et</strong></span> <span class='ocrx_word' id='word_1_218' title='bbox 377 2429 424 2465; x_wconf 84' lang='lat'><strong>89</strong></span> <span class='ocrx_word' id='word_1_219' title='bbox 448 2438 597 2474; x_wconf 84' lang='lat' dir='ltr'><strong>semper</strong></span> <span class='ocrx_word' id='word_1_220' title='bbox 620 2434 805 2475; x_wconf 85' lang='lat' dir='ltr'><strong>ponuntur</strong></span> <span class='ocrx_word' id='word_1_221' title='bbox 828 2431 911 2474; x_wconf 80' lang='lat' dir='ltr'><strong>ibd.;</strong></span> <span class='ocrx_word' id='word_1_222' title='bbox 937 2443 1069 2468; x_wconf 84' lang='lat' dir='ltr'><strong>novam</strong></span> 
     </span>
     <span class='ocr_line' id='line_1_41' title="bbox 247 2485 1069 2526; baseline 0.007 -6"><span class='ocrx_word' id='word_1_223' title='bbox 247 2485 422 2521; x_wconf 77' lang='lat' dir='ltr'><strong>sacrificii</strong></span> <span class='ocrx_word' id='word_1_224' title='bbox 446 2485 685 2522; x_wconf 87' lang='lat' dir='ltr'><strong>describendi</strong></span> <span class='ocrx_word' id='word_1_225' title='bbox 714 2489 893 2525; x_wconf 86' lang='lat' dir='ltr'><strong>rationem</strong></span> <span class='ocrx_word' id='word_1_226' title='bbox 924 2490 1069 2526; x_wconf 86' lang='lat' dir='ltr'><strong>videtur</strong></span> 
     </span>
     <span class='ocr_line' id='line_1_42' title="bbox 248 2544 1067 2589; baseline 0.006 -10"><span class='ocrx_word' id='word_1_227' title='bbox 248 2544 460 2580; x_wconf 82' lang='lat' dir='ltr'><strong>instituisse</strong></span> <span class='ocrx_word' id='word_1_228' title='bbox 495 2544 725 2589; x_wconf 83' lang='lat' dir='ltr'><strong>Elagabalus</strong></span> <span class='ocrx_word' id='word_1_229' title='bbox 766 2548 824 2584; x_wconf 82' lang='grc'><strong>28.</strong></span> <span class='ocrx_word' id='word_1_230' title='bbox 860 2564 906 2574; x_wconf 68' lang='lat'><strong>2—</strong></span> <span class='ocrx_word' id='word_1_231' title='bbox 949 2549 1067 2584; x_wconf 87' lang='lat' dir='ltr'><strong>Dies</strong></span> 
     </span>
     <span class='ocr_line' id='line_1_43' title="bbox 247 2603 1068 2649; baseline 0.007 -12"><span class='ocrx_word' id='word_1_232' title='bbox 247 2603 415 2649; x_wconf 90' lang='lat' dir='ltr'><strong>primus</strong></span> <span class='ocrx_word' id='word_1_233' title='bbox 448 2603 603 2640; x_wconf 82' lang='lat'>10—17:</span> <span class='ocrx_word' id='word_1_234' title='bbox 642 2604 852 2641; x_wconf 85' lang='lat' dir='ltr'><strong>celebratur</strong></span> <span class='ocrx_word' id='word_1_235' title='bbox 886 2607 925 2642; x_wconf 87' lang='lat' dir='ltr'><strong>in</strong></span> <span class='ocrx_word' id='word_1_236' title='bbox 961 2607 1068 2643; x_wconf 91' lang='lat' dir='ltr'><strong>domo</strong></span> 
     </span>
     <span class='ocr_line' id='line_1_44' title="bbox 247 2660 1068 2705; baseline 0.007 -10"><span class='ocrx_word' id='word_1_237' title='bbox 247 2660 417 2705; x_wconf 86' lang='lat' dir='ltr'><strong>magistri</strong></span> <span class='ocrx_word' id='word_1_238' title='bbox 442 2661 487 2697; x_wconf 91' lang='grc'><strong>10</strong></span> <span class='ocrx_word' id='word_1_239' title='bbox 513 2663 569 2704; x_wconf 95' lang='grc'><strong>11,</strong></span> <span class='ocrx_word' id='word_1_240' title='bbox 596 2682 636 2688; x_wconf 89' lang='grc'><strong>-</strong></span> <span class='ocrx_word' id='word_1_241' title='bbox 668 2663 706 2698; x_wconf 91' lang='lat' dir='ltr'><strong>iu</strong></span> <span class='ocrx_word' id='word_1_242' title='bbox 730 2664 878 2700; x_wconf 83' lang='lat' dir='ltr'><strong>Palatio</strong></span> <span class='ocrx_word' id='word_1_243' title='bbox 901 2665 939 2700; x_wconf 92' lang='lat' dir='ltr'><strong>in</strong></span> <span class='ocrx_word' id='word_1_244' title='bbox 965 2665 1068 2701; x_wconf 86' lang='lat' dir='ltr'><strong>divo-</strong></span> 
     </span>
     <span class='ocr_line' id='line_1_45' title="bbox 247 2720 1067 2761; baseline 0.005 -7"><span class='ocrx_word' id='word_1_245' title='bbox 247 2729 326 2754; x_wconf 90' lang='lat' dir='ltr'><strong>rum</strong></span> <span class='ocrx_word' id='word_1_246' title='bbox 353 2720 407 2755; x_wconf 90' lang='lat'><strong>11.</strong></span> <span class='ocrx_word' id='word_1_247' title='bbox 435 2740 475 2746; x_wconf 90' lang='lat'><strong>—</strong></span> <span class='ocrx_word' id='word_1_248' title='bbox 508 2721 620 2757; x_wconf 88' lang='lat' dir='ltr'><strong>Dies</strong></span> <span class='ocrx_word' id='word_1_249' title='bbox 652 2721 879 2758; x_wconf 89' lang='lat' dir='ltr'><strong>secundus</strong></span> <span class='ocrx_word' id='word_1_250' title='bbox 910 2724 1067 2761; x_wconf 81' lang='lat'>18-40:</span> 
     </span>
     <span class='ocr_line' id='line_1_46' title="bbox 249 2778 1069 2828; baseline 0.006 -15"><span class='ocrx_word' id='word_1_251' title='bbox 249 2778 459 2813; x_wconf 84' lang='lat' dir='ltr'><strong>celebratur</strong></span> <span class='ocrx_word' id='word_1_252' title='bbox 481 2782 555 2814; x_wconf 86' lang='lat' dir='ltr'><strong>tam</strong></span> <span class='ocrx_word' id='word_1_253' title='bbox 580 2779 617 2814; x_wconf 92' lang='lat' dir='ltr'><strong>in</strong></span> <span class='ocrx_word' id='word_1_254' title='bbox 633 2780 717 2816; x_wconf 89' lang='lat' dir='ltr'><strong>luco</strong></span> <span class='ocrx_word' id='word_1_255' title='bbox 737 2779 831 2816; x_wconf 87' lang='lat' dir='ltr'><strong>deae</strong></span> <span class='ocrx_word' id='word_1_256' title='bbox 848 2781 943 2816; x_wconf 88' lang='lat' dir='ltr'><strong>Diae</strong></span> <span class='ocrx_word' id='word_1_257' title='bbox 961 2793 1069 2828; x_wconf 89' lang='lat' dir='ltr'><strong>quam</strong></span> 
     </span>
     <span class='ocr_line' id='line_1_47' title="bbox 247 2835 1068 2884; baseline 0.011 -15"><span class='ocrx_word' id='word_1_258' title='bbox 247 2836 389 2871; x_wconf 82' lang='lat' dir='ltr'><strong>Romae</strong></span> <span class='ocrx_word' id='word_1_259' title='bbox 421 2836 459 2870; x_wconf 88' lang='lat' dir='ltr'><strong>in</strong></span> <span class='ocrx_word' id='word_1_260' title='bbox 484 2835 643 2873; x_wconf 86' lang='lat' dir='ltr'><strong>aedibus</strong></span> <span class='ocrx_word' id='word_1_261' title='bbox 673 2839 839 2884; x_wconf 86' lang='lat' dir='ltr'><strong>magistri</strong></span> <span class='ocrx_word' id='word_1_262' title='bbox 865 2841 910 2877; x_wconf 91' lang='lat'><strong>18</strong></span> <span class='ocrx_word' id='word_1_263' title='bbox 935 2842 999 2883; x_wconf 86' lang='lat'><strong>19;</strong></span> <span class='ocrx_word' id='word_1_264' title='bbox 1026 2860 1068 2867; x_wconf 93' lang='lat'>—</span> 
     </span>
     <span class='ocr_line' id='line_1_48' title="bbox 249 2893 1068 2946; baseline 0.007 -17"><span class='ocrx_word' id='word_1_265' title='bbox 249 2893 326 2929; x_wconf 88' lang='lat' dir='ltr'><strong>loci</strong></span> <span class='ocrx_word' id='word_1_266' title='bbox 342 2894 482 2930; x_wconf 89' lang='lat' dir='ltr'><strong>mentio</strong></span> <span class='ocrx_word' id='word_1_267' title='bbox 498 2894 681 2930; x_wconf 86' lang='lat' dir='ltr'><strong>interdum</strong></span> <span class='ocrx_word' id='word_1_268' title='bbox 699 2898 838 2933; x_wconf 88' lang='lat' dir='ltr'><strong>omissa</strong></span> <span class='ocrx_word' id='word_1_269' title='bbox 861 2899 922 2940; x_wconf 80' lang='lat'><strong>193</strong></span> <span class='ocrx_word' id='word_1_270' title='bbox 941 2917 983 2924; x_wconf 91' lang='lat'>-</span> <span class='ocrx_word' id='word_1_271' title='bbox 1001 2910 1068 2946; x_wconf 89' lang='lat' dir='ltr'><strong>pro</strong></span> 
     </span>
     <span class='ocr_line' id='line_1_49' title="bbox 248 2950 1068 3004; baseline 0.009 -18"><span class='ocrx_word' id='word_1_272' title='bbox 248 2950 334 2987; x_wconf 88' lang='lat' dir='ltr'><strong>luco</strong></span> <span class='ocrx_word' id='word_1_273' title='bbox 359 2950 452 2987; x_wconf 89' lang='lat' dir='ltr'><strong>deae</strong></span> <span class='ocrx_word' id='word_1_274' title='bbox 476 2953 572 2988; x_wconf 88' lang='lat' dir='ltr'><strong>Diae</strong></span> <span class='ocrx_word' id='word_1_275' title='bbox 604 2964 862 3000; x_wconf 89' lang='lat' dir='ltr'><strong>nonnunquam</strong></span> <span class='ocrx_word' id='word_1_276' title='bbox 891 2957 1068 3004; x_wconf 86' lang='lat' dir='ltr'><strong>scriptum</strong></span> 
     </span>
     <span class='ocr_line' id='line_1_50' title="bbox 249 3011 1068 3062; baseline 0.009 -18"><span class='ocrx_word' id='word_1_277' title='bbox 249 3013 310 3045; x_wconf 91' lang='lat' dir='ltr'><strong>est</strong></span> <span class='ocrx_word' id='word_1_278' title='bbox 333 3011 384 3045; x_wconf 70' lang='lat' dir='ltr'><strong>aa</strong></span> <span class='ocrx_word' id='word_1_279' title='bbox 407 3011 510 3045; x_wconf 80' lang='lat' dir='ltr'><strong>deam</strong></span> <span class='ocrx_word' id='word_1_280' title='bbox 534 3013 643 3046; x_wconf 75' lang='lat' dir='ltr'><strong>Diam</strong></span> <span class='ocrx_word' id='word_1_281' title='bbox 666 3013 756 3055; x_wconf 76' lang='lat' dir='ltr'><strong>iba.;</strong></span> <span class='ocrx_word' id='word_1_282' title='bbox 783 3033 825 3039; x_wconf 96' lang='lat'><strong>—</strong></span> <span class='ocrx_word' id='word_1_283' title='bbox 858 3015 978 3050; x_wconf 83' lang='lat' dir='ltr'><strong>tribus</strong></span> <span class='ocrx_word' id='word_1_284' title='bbox 1003 3026 1068 3062; x_wconf 92' lang='lat' dir='ltr'><strong>po-</strong></span> 
     </span>
     <span class='ocr_line' id='line_1_51' title="bbox 247 3069 1071 3116; baseline 0.006 -13"><span class='ocrx_word' id='word_1_285' title='bbox 247 3069 433 3104; x_wconf 88' lang='lat' dir='ltr'><strong>tissimum</strong></span> <span class='ocrx_word' id='word_1_286' title='bbox 450 3069 620 3116; x_wconf 87' lang='lat' dir='ltr'><strong>partibus</strong></span> <span class='ocrx_word' id='word_1_287' title='bbox 637 3073 807 3107; x_wconf 87' lang='lat' dir='ltr'><strong>constat:</strong></span> <span class='ocrx_word' id='word_1_288' title='bbox 834 3072 869 3116; x_wconf 94' lang='grc'><strong>1)</strong></span> <span class='ocrx_word' id='word_1_289' title='bbox 887 3073 1071 3108; x_wconf 81' lang='lat' dir='ltr'><strong>sacrificio</strong></span> 
     </span>
     <span class='ocr_line' id='line_1_52' title="bbox 249 3128 1070 3175; baseline 0.005 -12"><span class='ocrx_word' id='word_1_290' title='bbox 249 3138 442 3175; x_wconf 85' lang='lat' dir='ltr'><strong>porcarum</strong></span> <span class='ocrx_word' id='word_1_291' title='bbox 466 3128 708 3174; x_wconf 85' lang='lat' dir='ltr'><strong>piacularium</strong></span> <span class='ocrx_word' id='word_1_292' title='bbox 733 3132 773 3164; x_wconf 88' lang='lat' dir='ltr'><strong>et</strong></span> <span class='ocrx_word' id='word_1_293' title='bbox 796 3140 934 3166; x_wconf 86' lang='lat' dir='ltr'><strong>vaccae</strong></span> <span class='ocrx_word' id='word_1_294' title='bbox 958 3131 1070 3166; x_wconf 82' lang='lat' dir='ltr'><strong>hono-</strong></span> 
     </span>
     <span class='ocr_line' id='line_1_53' title="bbox 249 3186 1069 3233; baseline 0.004 -12"><span class='ocrx_word' id='word_1_295' title='bbox 249 3186 368 3222; x_wconf 84' lang='lat' dir='ltr'><strong>rariae</strong></span> <span class='ocrx_word' id='word_1_296' title='bbox 382 3196 499 3233; x_wconf 88' lang='lat' dir='ltr'><strong>prope</strong></span> <span class='ocrx_word' id='word_1_297' title='bbox 512 3197 611 3222; x_wconf 88' lang='lat' dir='ltr'><strong>aram</strong></span> <span class='ocrx_word' id='word_1_298' title='bbox 629 3187 723 3222; x_wconf 88' lang='lat' dir='ltr'><strong>deae</strong></span> <span class='ocrx_word' id='word_1_299' title='bbox 735 3188 831 3223; x_wconf 91' lang='lat' dir='ltr'><strong>Diae</strong></span> <span class='ocrx_word' id='word_1_300' title='bbox 850 3191 936 3224; x_wconf 89' lang='lat' dir='ltr'><strong>ante</strong></span> <span class='ocrx_word' id='word_1_301' title='bbox 950 3189 1069 3224; x_wconf 86' lang='lat' dir='ltr'><strong>lucum</strong></span> 
     </span>
     <span class='ocr_line' id='line_1_54' title="bbox 249 3244 1068 3294; baseline 0 -13"><span class='ocrx_word' id='word_1_302' title='bbox 249 3246 399 3289; x_wconf 77' lang='lat'><strong>19-24,</strong></span> <span class='ocrx_word' id='word_1_303' title='bbox 415 3264 459 3272; x_wconf 92' lang='lat'><em>-</em></span> <span class='ocrx_word' id='word_1_304' title='bbox 471 3246 511 3290; x_wconf 83' lang='lat'><strong>2)</strong></span> <span class='ocrx_word' id='word_1_305' title='bbox 525 3244 711 3282; x_wconf 85' lang='lat' dir='ltr'><strong>sacrificio</strong></span> <span class='ocrx_word' id='word_1_306' title='bbox 724 3256 844 3292; x_wconf 84' lang='lat' dir='ltr'><strong>agnae</strong></span> <span class='ocrx_word' id='word_1_307' title='bbox 867 3247 1014 3294; x_wconf 81' lang='lat' dir='ltr'><strong>opimae</strong></span> <span class='ocrx_word' id='word_1_308' title='bbox 1031 3248 1068 3282; x_wconf 88' lang='lat' dir='ltr'><strong>iu</strong></span> 
     </span>
    </p>
   </div>
   <div class='ocr_carea' id='block_1_5' title="bbox 1181 245 2010 2000">
    <p class='ocr_par' dir='ltr' id='par_1_6' title="bbox 1181 245 2010 2000">
     <span class='ocr_line' id='line_1_55' title="bbox 1182 245 2009 301; baseline -0.001 -8"><span class='ocrx_word' id='word_1_309' title='bbox 1182 258 1265 294; x_wconf 91' lang='lat' dir='ltr'><strong>luco</strong></span> <span class='ocrx_word' id='word_1_310' title='bbox 1278 259 1316 293; x_wconf 91' lang='lat' dir='ltr'><strong>iu</strong></span> <span class='ocrx_word' id='word_1_311' title='bbox 1329 257 1423 293; x_wconf 88' lang='lat' dir='ltr'><strong>aede</strong></span> <span class='ocrx_word' id='word_1_312' title='bbox 1436 245 1530 293; x_wconf 72' lang='lat' dir='ltr'><strong>deae</strong></span> <span class='ocrx_word' id='word_1_313' title='bbox 1545 258 1639 293; x_wconf 86' lang='lat' dir='ltr'><strong>Diae</strong></span> <span class='ocrx_word' id='word_1_314' title='bbox 1651 259 1898 301; x_wconf 81' lang='lat'><strong>24-35,—3)</strong></span> <span class='ocrx_word' id='word_1_315' title='bbox 1912 258 2009 293; x_wconf 88' lang='lat' dir='ltr'><strong>ludis</strong></span> 
     </span>
     <span class='ocr_line' id='line_1_56' title="bbox 1181 317 2008 362; baseline -0.001 -10"><span class='ocrx_word' id='word_1_316' title='bbox 1181 317 1411 352; x_wconf 86' lang='lat' dir='ltr'><strong>circensibus</strong></span> <span class='ocrx_word' id='word_1_317' title='bbox 1427 317 1588 361; x_wconf 79' lang='lat'><strong>36-39;</strong></span> <span class='ocrx_word' id='word_1_318' title='bbox 1614 336 1654 341; x_wconf 91' lang='lat'>—</span> <span class='ocrx_word' id='word_1_319' title='bbox 1672 317 1839 362; x_wconf 85' lang='lat' dir='ltr'><strong>sequitur</strong></span> <span class='ocrx_word' id='word_1_320' title='bbox 1862 327 1956 351; x_wconf 89' lang='lat' dir='ltr'><strong>cena</strong></span> <span class='ocrx_word' id='word_1_321' title='bbox 1973 317 2008 351; x_wconf 88' lang='lat' dir='ltr'><strong>in</strong></span> 
     </span>
     <span class='ocr_line' id='line_1_57' title="bbox 1184 375 2007 420; baseline -0.002 -9"><span class='ocrx_word' id='word_1_322' title='bbox 1184 376 1293 411; x_wconf 83' lang='lat' dir='ltr'><strong>dom&#39;o</strong></span> <span class='ocrx_word' id='word_1_323' title='bbox 1321 376 1488 420; x_wconf 88' lang='lat' dir='ltr'><strong>magistri</strong></span> <span class='ocrx_word' id='word_1_324' title='bbox 1521 377 1579 413; x_wconf 85' lang='lat'><strong>39.</strong></span> <span class='ocrx_word' id='word_1_325' title='bbox 1617 396 1660 401; x_wconf 92' lang='lat'><em>-</em></span> <span class='ocrx_word' id='word_1_326' title='bbox 1690 375 1799 411; x_wconf 88' lang='lat' dir='ltr'><strong>Dies</strong></span> <span class='ocrx_word' id='word_1_327' title='bbox 1838 375 2007 410; x_wconf 87' lang='lat' dir='ltr'><strong>tertius</strong></span> 
     </span>
     <span class='ocr_line' id='line_1_58' title="bbox 1181 433 2008 479; baseline -0.004 -9"><span class='ocrx_word' id='word_1_328' title='bbox 1181 434 1339 471; x_wconf 83' lang='lat'>40-45:</span> <span class='ocrx_word' id='word_1_329' title='bbox 1378 433 1415 468; x_wconf 92' lang='lat' dir='ltr'><strong>in</strong></span> <span class='ocrx_word' id='word_1_330' title='bbox 1454 434 1564 470; x_wconf 92' lang='lat' dir='ltr'><strong>domo</strong></span> <span class='ocrx_word' id='word_1_331' title='bbox 1598 434 1765 479; x_wconf 87' lang='lat' dir='ltr'><strong>magistri</strong></span> <span class='ocrx_word' id='word_1_332' title='bbox 1795 436 1931 468; x_wconf 88' lang='lat' dir='ltr'><strong>cenant</strong></span> <span class='ocrx_word' id='word_1_333' title='bbox 1961 433 2008 467; x_wconf 94' lang='lat' dir='ltr'><strong>ad</strong></span> 
     </span>
     <span class='ocr_line' id='line_1_59' title="bbox 1183 489 2008 528; baseline -0.004 0"><span class='ocrx_word' id='word_1_334' title='bbox 1183 491 1509 528; x_wconf 87' lang='lat' dir='ltr'><strong>consummandum</strong></span> <span class='ocrx_word' id='word_1_335' title='bbox 1538 492 1758 528; x_wconf 89' lang='lat' dir='ltr'><strong>sacrificinm</strong></span> <span class='ocrx_word' id='word_1_336' title='bbox 1781 492 1838 528; x_wconf 81' lang='lat'><strong>41.</strong></span> <span class='ocrx_word' id='word_1_337' title='bbox 1860 511 1899 515; x_wconf 89' lang='lat'><strong>——</strong></span> <span class='ocrx_word' id='word_1_338' title='bbox 1927 489 2008 526; x_wconf 86' lang='lat' dir='ltr'><strong>Sa-</strong></span> 
     </span>
     <span class='ocr_line' id='line_1_60' title="bbox 1187 549 2010 588; baseline -0.005 0"><span class='ocrx_word' id='word_1_339' title='bbox 1187 552 1377 588; x_wconf 86' lang='lat' dir='ltr'><strong>crificia</strong></span> <span class='ocrx_word' id='word_1_340' title='bbox 1433 551 1753 586; x_wconf 85' lang='lat' dir='ltr'><strong>anniversaria</strong></span> <span class='ocrx_word' id='word_1_341' title='bbox 1808 549 1864 584; x_wconf 92' lang='lat' dir='ltr'><strong>ob</strong></span> <span class='ocrx_word' id='word_1_342' title='bbox 1917 549 2010 584; x_wconf 91' lang='lat' dir='ltr'><strong>Au-</strong></span> 
     </span>
     <span class='ocr_line' id='line_1_61' title="bbox 1187 607 2007 656; baseline -0.005 -10"><span class='ocrx_word' id='word_1_343' title='bbox 1187 610 1391 656; x_wconf 87' lang='lat' dir='ltr'><strong>gustalia</strong></span> <span class='ocrx_word' id='word_1_344' title='bbox 1412 610 1570 652; x_wconf 75' lang='lat'>49-503</span> <span class='ocrx_word' id='word_1_345' title='bbox 1597 610 1635 644; x_wconf 87' lang='lat' dir='ltr'><strong>in</strong></span> <span class='ocrx_word' id='word_1_346' title='bbox 1659 608 1798 655; x_wconf 87' lang='lat' dir='ltr'><strong>templo</strong></span> <span class='ocrx_word' id='word_1_347' title='bbox 1821 618 1918 643; x_wconf 86' lang='lat' dir='ltr'><strong>novo</strong></span> <span class='ocrx_word' id='word_1_348' title='bbox 1941 607 2007 651; x_wconf 83' lang='lat'><strong>49;</strong></span> 
     </span>
     <span class='ocr_line' id='line_1_62' title="bbox 1188 666 2007 714; baseline -0.005 -10"><span class='ocrx_word' id='word_1_349' title='bbox 1188 690 1230 696; x_wconf 94' lang='lat'>—</span> <span class='ocrx_word' id='word_1_350' title='bbox 1255 669 1371 704; x_wconf 86' lang='lat' dir='ltr'><strong>fiebat</strong></span> <span class='ocrx_word' id='word_1_351' title='bbox 1385 668 1472 703; x_wconf 88' lang='lat' dir='ltr'><strong>divo</strong></span> <span class='ocrx_word' id='word_1_352' title='bbox 1485 668 1665 712; x_wconf 85' lang='lat' dir='ltr'><strong>Augusto,</strong></span> <span class='ocrx_word' id='word_1_353' title='bbox 1684 667 1731 702; x_wconf 86' lang='lat' dir='ltr'><strong>ad</strong></span> <span class='ocrx_word' id='word_1_354' title='bbox 1745 678 1855 714; x_wconf 86' lang='lat' dir='ltr'><strong>quem</strong></span> <span class='ocrx_word' id='word_1_355' title='bbox 1870 666 2007 701; x_wconf 88' lang='lat' dir='ltr'><strong>deinde</strong></span> 
     </span>
     <span class='ocr_line' id='line_1_63' title="bbox 1186 725 2009 773; baseline -0.004 -10"><span class='ocrx_word' id='word_1_356' title='bbox 1186 729 1427 763; x_wconf 87' lang='lat' dir='ltr'><strong>accesserunt</strong></span> <span class='ocrx_word' id='word_1_357' title='bbox 1450 726 1566 762; x_wconf 90' lang='lat' dir='ltr'><strong>ceteri</strong></span> <span class='ocrx_word' id='word_1_358' title='bbox 1584 726 1772 773; x_wconf 88' lang='lat' dir='ltr'><strong>principes</strong></span> <span class='ocrx_word' id='word_1_359' title='bbox 1797 725 2009 761; x_wconf 89' lang='lat' dir='ltr'><strong>consecrati</strong></span> 
     </span>
     <span class='ocr_line' id='line_1_64' title="bbox 1187 783 2007 831; baseline 0 -11"><span class='ocrx_word' id='word_1_360' title='bbox 1187 785 1311 831; x_wconf 89' lang='lat' dir='ltr'><strong>gentis</strong></span> <span class='ocrx_word' id='word_1_361' title='bbox 1346 785 1463 820; x_wconf 87' lang='lat' dir='ltr'><strong>Iuliae</strong></span> <span class='ocrx_word' id='word_1_362' title='bbox 1494 785 1562 826; x_wconf 85' lang='lat'><strong>50;</strong></span> <span class='ocrx_word' id='word_1_363' title='bbox 1589 805 1630 809; x_wconf 88' lang='lat'>-</span> <span class='ocrx_word' id='word_1_364' title='bbox 1667 783 1782 819; x_wconf 87' lang='lat' dir='ltr'><strong>desiit</strong></span> <span class='ocrx_word' id='word_1_365' title='bbox 1812 784 2007 827; x_wconf 84' lang='lat' dir='ltr'><strong>celebrari,</strong></span> 
     </span>
     <span class='ocr_line' id='line_1_65' title="bbox 1187 842 2006 888; baseline -0.001 -9"><span class='ocrx_word' id='word_1_366' title='bbox 1187 855 1269 879; x_wconf 91' lang='lat' dir='ltr'><strong>cnm</strong></span> <span class='ocrx_word' id='word_1_367' title='bbox 1294 843 1476 878; x_wconf 88' lang='lat' dir='ltr'><strong>translato</strong></span> <span class='ocrx_word' id='word_1_368' title='bbox 1507 842 1555 878; x_wconf 91' lang='lat' dir='ltr'><strong>ad</strong></span> <span class='ocrx_word' id='word_1_369' title='bbox 1578 845 1726 888; x_wconf 89' lang='lat' dir='ltr'><strong>gentem</strong></span> <span class='ocrx_word' id='word_1_370' title='bbox 1749 843 1918 879; x_wconf 85' lang='lat' dir='ltr'><strong>Flaviam</strong></span> <span class='ocrx_word' id='word_1_371' title='bbox 1940 844 2006 878; x_wconf 88' lang='lat' dir='ltr'><strong>im-</strong></span> 
     </span>
     <span class='ocr_line' id='line_1_66' title="bbox 1186 902 2007 950; baseline -0.001 -12"><span class='ocrx_word' id='word_1_372' title='bbox 1186 903 1292 950; x_wconf 89' lang='lat' dir='ltr'><strong>perio</strong></span> <span class='ocrx_word' id='word_1_373' title='bbox 1317 905 1507 937; x_wconf 85' lang='lat' dir='ltr'><strong>cessarent</strong></span> <span class='ocrx_word' id='word_1_374' title='bbox 1533 902 1673 945; x_wconf 88' lang='lat' dir='ltr'><strong>omnia,</strong></span> <span class='ocrx_word' id='word_1_375' title='bbox 1708 912 1803 948; x_wconf 84' lang='lat' dir='ltr'><strong>quae</strong></span> <span class='ocrx_word' id='word_1_376' title='bbox 1834 904 1947 937; x_wconf 89' lang='lat' dir='ltr'><strong>antea</strong></span> <span class='ocrx_word' id='word_1_377' title='bbox 1969 902 2007 937; x_wconf 90' lang='lat' dir='ltr'><strong>iu</strong></span> 
     </span>
     <span class='ocr_line' id='line_1_67' title="bbox 1184 959 2009 997; baseline 0 -1"><span class='ocrx_word' id='word_1_378' title='bbox 1184 962 1360 997; x_wconf 88' lang='lat' dir='ltr'><strong>honorem</strong></span> <span class='ocrx_word' id='word_1_379' title='bbox 1382 960 1557 996; x_wconf 90' lang='lat' dir='ltr'><strong>Iuliorum</strong></span> <span class='ocrx_word' id='word_1_380' title='bbox 1583 962 1623 994; x_wconf 88' lang='lat' dir='ltr'><strong>et</strong></span> <span class='ocrx_word' id='word_1_381' title='bbox 1640 959 1876 996; x_wconf 88' lang='lat' dir='ltr'><strong>Claudiorum</strong></span> <span class='ocrx_word' id='word_1_382' title='bbox 1900 971 2009 996; x_wconf 89' lang='lat' dir='ltr'><strong>sacra</strong></span> 
     </span>
     <span class='ocr_line' id='line_1_68' title="bbox 1184 1018 2006 1061; baseline -0.001 -6"><span class='ocrx_word' id='word_1_383' title='bbox 1184 1020 1323 1055; x_wconf 84' lang='lat' dir='ltr'><strong>fiebant</strong></span> <span class='ocrx_word' id='word_1_384' title='bbox 1346 1021 1408 1061; x_wconf 76' lang='lat'><strong>503</strong></span> <span class='ocrx_word' id='word_1_385' title='bbox 1442 1037 1486 1044; x_wconf 94' lang='lat'><strong>—</strong></span> <span class='ocrx_word' id='word_1_386' title='bbox 1524 1019 1577 1054; x_wconf 95' lang='lat' dir='ltr'><strong>ob</strong></span> <span class='ocrx_word' id='word_1_387' title='bbox 1603 1019 1793 1054; x_wconf 87' lang='lat' dir='ltr'><strong>natales</strong></span> <span class='ocrx_word' id='word_1_388' title='bbox 1827 1018 1903 1054; x_wconf 77' lang='lat' dir='ltr'><strong>divi</strong></span> <span class='ocrx_word' id='word_1_389' title='bbox 1927 1020 2006 1055; x_wconf 90' lang='lat' dir='ltr'><strong>Au·</strong></span> 
     </span>
     <span class='ocr_line' id='line_1_69' title="bbox 1185 1075 2007 1124; baseline 0 -11"><span class='ocrx_word' id='word_1_390' title='bbox 1185 1079 1285 1124; x_wconf 86' lang='lat' dir='ltr'><strong>gusti</strong></span> <span class='ocrx_word' id='word_1_391' title='bbox 1309 1079 1367 1119; x_wconf 84' lang='lat'><strong>51,</strong></span> <span class='ocrx_word' id='word_1_392' title='bbox 1400 1097 1441 1102; x_wconf 92' lang='lat'>—</span> <span class='ocrx_word' id='word_1_393' title='bbox 1479 1077 1608 1119; x_wconf 87' lang='lat' dir='ltr'><strong>Iuliae,</strong></span> <span class='ocrx_word' id='word_1_394' title='bbox 1635 1075 1770 1112; x_wconf 85' lang='lat' dir='ltr'><strong>deinde</strong></span> <span class='ocrx_word' id='word_1_395' title='bbox 1794 1077 1902 1113; x_wconf 83' lang='lat' dir='ltr'><strong>divae</strong></span> <span class='ocrx_word' id='word_1_396' title='bbox 1926 1078 2007 1113; x_wconf 89' lang='lat' dir='ltr'><strong>Au·</strong></span> 
     </span>
     <span class='ocr_line' id='line_1_70' title="bbox 1184 1134 2007 1182; baseline -0.001 -9"><span class='ocrx_word' id='word_1_397' title='bbox 1184 1141 1317 1182; x_wconf 87' lang='lat' dir='ltr'><strong>gustae</strong></span> <span class='ocrx_word' id='word_1_398' title='bbox 1341 1137 1386 1172; x_wconf 86' lang='lat'><strong>51</strong></span> <span class='ocrx_word' id='word_1_399' title='bbox 1411 1136 1469 1178; x_wconf 82' lang='lat'><strong>52,</strong></span> <span class='ocrx_word' id='word_1_400' title='bbox 1487 1155 1531 1160; x_wconf 90' lang='lat'>—</span> <span class='ocrx_word' id='word_1_401' title='bbox 1557 1135 1615 1169; x_wconf 85' lang='lat' dir='ltr'><strong>Ti.</strong></span> <span class='ocrx_word' id='word_1_402' title='bbox 1633 1134 1809 1171; x_wconf 85' lang='lat' dir='ltr'><strong>Caesaris</strong></span> <span class='ocrx_word' id='word_1_403' title='bbox 1826 1137 1924 1182; x_wconf 90' lang='lat' dir='ltr'><strong>Aug.</strong></span> <span class='ocrx_word' id='word_1_404' title='bbox 1940 1137 2007 1178; x_wconf 83' lang='lat'><strong>52;</strong></span> 
     </span>
     <span class='ocr_line' id='line_1_71' title="bbox 1183 1194 2007 1239; baseline -0.001 -8"><span class='ocrx_word' id='word_1_405' title='bbox 1183 1196 1372 1231; x_wconf 85' lang='lat' dir='ltr'><strong>Antoniae</strong></span> <span class='ocrx_word' id='word_1_406' title='bbox 1388 1196 1481 1239; x_wconf 86' lang='lat' dir='ltr'><strong>Aug.</strong></span> <span class='ocrx_word' id='word_1_407' title='bbox 1507 1195 1591 1236; x_wconf 71' lang='lat' dir='ltr'><strong>iba„</strong></span> <span class='ocrx_word' id='word_1_408' title='bbox 1616 1213 1662 1219; x_wconf 86' lang='lat'>—</span> <span class='ocrx_word' id='word_1_409' title='bbox 1687 1194 1898 1230; x_wconf 88' lang='lat' dir='ltr'><strong>Germanici</strong></span> <span class='ocrx_word' id='word_1_410' title='bbox 1914 1195 2007 1231; x_wconf 90' lang='lat' dir='ltr'><strong>Cae-</strong></span> 
     </span>
     <span class='ocr_line' id='line_1_72' title="bbox 1186 1252 2007 1300; baseline 0 -11"><span class='ocrx_word' id='word_1_411' title='bbox 1186 1255 1281 1289; x_wconf 86' lang='lat' dir='ltr'><strong>saris</strong></span> <span class='ocrx_word' id='word_1_412' title='bbox 1320 1255 1402 1295; x_wconf 68' lang='lat' dir='ltr'><strong>ibd„</strong></span> <span class='ocrx_word' id='word_1_413' title='bbox 1441 1272 1485 1278; x_wconf 92' lang='lat'>—</span> <span class='ocrx_word' id='word_1_414' title='bbox 1521 1252 1755 1300; x_wconf 88' lang='lat' dir='ltr'><strong>Agrippinae</strong></span> <span class='ocrx_word' id='word_1_415' title='bbox 1795 1254 2007 1290; x_wconf 87' lang='lat' dir='ltr'><strong>Germanici</strong></span> 
     </span>
     <span class='ocr_line' id='line_1_73' title="bbox 1185 1312 2005 1356; baseline 0 -6"><span class='ocrx_word' id='word_1_416' title='bbox 1185 1315 1242 1356; x_wconf 83' lang='lat'><strong>53,</strong></span> <span class='ocrx_word' id='word_1_417' title='bbox 1270 1334 1309 1338; x_wconf 92' lang='lat'>—</span> <span class='ocrx_word' id='word_1_418' title='bbox 1340 1313 1380 1349; x_wconf 91' lang='lat' dir='ltr'><strong>C.</strong></span> <span class='ocrx_word' id='word_1_419' title='bbox 1398 1312 1572 1348; x_wconf 86' lang='lat' dir='ltr'><strong>Caesaris</strong></span> <span class='ocrx_word' id='word_1_420' title='bbox 1591 1313 1689 1356; x_wconf 86' lang='lat' dir='ltr'><strong>Aug.</strong></span> <span class='ocrx_word' id='word_1_421' title='bbox 1714 1313 1799 1355; x_wconf 61' lang='lat' dir='ltr'><strong>iba„</strong></span> <span class='ocrx_word' id='word_1_422' title='bbox 1826 1332 1869 1339; x_wconf 90' lang='lat'>—</span> <span class='ocrx_word' id='word_1_423' title='bbox 1896 1313 2005 1350; x_wconf 87' lang='lat' dir='ltr'><strong>Clau-</strong></span> 
     </span>
     <span class='ocr_line' id='line_1_74' title="bbox 1184 1370 2005 1414; baseline 0.001 -7"><span class='ocrx_word' id='word_1_424' title='bbox 1184 1373 1235 1407; x_wconf 88' lang='lat' dir='ltr'><strong>dii</strong></span> <span class='ocrx_word' id='word_1_425' title='bbox 1260 1373 1344 1414; x_wconf 60' lang='lat' dir='ltr'><strong>iba„</strong></span> <span class='ocrx_word' id='word_1_426' title='bbox 1366 1392 1403 1396; x_wconf 83' lang='lat'><strong>——</strong></span> <span class='ocrx_word' id='word_1_427' title='bbox 1423 1371 1530 1406; x_wconf 86' lang='lat' dir='ltr'><strong>divae</strong></span> <span class='ocrx_word' id='word_1_428' title='bbox 1556 1370 1755 1413; x_wconf 88' lang='lat' dir='ltr'><strong>Drusillae,</strong></span> <span class='ocrx_word' id='word_1_429' title='bbox 1780 1371 1841 1406; x_wconf 87' lang='lat' dir='ltr'><strong>vel</strong></span> <span class='ocrx_word' id='word_1_430' title='bbox 1865 1371 2005 1408; x_wconf 88' lang='lat' dir='ltr'><strong>Caeso-</strong></span> 
     </span>
     <span class='ocr_line' id='line_1_75' title="bbox 1184 1429 2005 1478; baseline -0.002 -11"><span class='ocrx_word' id='word_1_431' title='bbox 1184 1433 1267 1467; x_wconf 88' lang='lat' dir='ltr'><strong>niae</strong></span> <span class='ocrx_word' id='word_1_432' title='bbox 1294 1431 1334 1467; x_wconf 93' lang='lat' dir='ltr'><strong>C.</strong></span> <span class='ocrx_word' id='word_1_433' title='bbox 1362 1429 1535 1466; x_wconf 83' lang='lat' dir='ltr'><strong>Caesaris</strong></span> <span class='ocrx_word' id='word_1_434' title='bbox 1561 1429 1661 1474; x_wconf 86' lang='lat' dir='ltr'><strong>Aug.</strong></span> <span class='ocrx_word' id='word_1_435' title='bbox 1684 1430 1767 1471; x_wconf 59' lang='grc' dir='ltr'><strong>ὦῶ,</strong></span> <span class='ocrx_word' id='word_1_436' title='bbox 1794 1449 1837 1456; x_wconf 89' lang='grc'><strong>-</strong></span> <span class='ocrx_word' id='word_1_437' title='bbox 1867 1431 2005 1478; x_wconf 86' lang='lat' dir='ltr'><strong>Agrip-</strong></span> 
     </span>
     <span class='ocr_line' id='line_1_76' title="bbox 1184 1486 2003 1537; baseline -0.004 -12"><span class='ocrx_word' id='word_1_438' title='bbox 1184 1492 1295 1537; x_wconf 88' lang='lat' dir='ltr'><strong>pinae</strong></span> <span class='ocrx_word' id='word_1_439' title='bbox 1333 1487 1429 1534; x_wconf 87' lang='lat' dir='ltr'><strong>Aug.</strong></span> <span class='ocrx_word' id='word_1_440' title='bbox 1466 1489 1549 1530; x_wconf 70' lang='lat' dir='ltr'><strong>iba„</strong></span> <span class='ocrx_word' id='word_1_441' title='bbox 1586 1507 1631 1512; x_wconf 94' lang='lat'>—</span> <span class='ocrx_word' id='word_1_442' title='bbox 1669 1486 1830 1523; x_wconf 88' lang='lat' dir='ltr'><strong>Neronis</strong></span> <span class='ocrx_word' id='word_1_443' title='bbox 1866 1489 1923 1532; x_wconf 83' lang='lat'><strong>54,</strong></span> <span class='ocrx_word' id='word_1_444' title='bbox 1962 1510 2003 1515; x_wconf 86' lang='lat'>-</span> 
     </span>
     <span class='ocr_line' id='line_1_77' title="bbox 1186 1546 2005 1591; baseline 0 -7"><span class='ocrx_word' id='word_1_445' title='bbox 1186 1549 1333 1585; x_wconf 85' lang='lat' dir='ltr'><strong>Vitellii</strong></span> <span class='ocrx_word' id='word_1_446' title='bbox 1359 1549 1447 1590; x_wconf 57' lang='lat' dir='ltr'><strong>ihd„</strong></span> <span class='ocrx_word' id='word_1_447' title='bbox 1471 1567 1515 1572; x_wconf 98' lang='lat'><strong>—</strong></span> <span class='ocrx_word' id='word_1_448' title='bbox 1542 1546 1715 1582; x_wconf 68' lang='lat' dir='ltr'><strong>Galen-iae</strong></span> <span class='ocrx_word' id='word_1_449' title='bbox 1742 1546 1887 1582; x_wconf 88' lang='lat' dir='ltr'><strong>Vitellii</strong></span> <span class='ocrx_word' id='word_1_450' title='bbox 1911 1550 2005 1591; x_wconf 70' lang='lat' dir='ltr'><strong>ihd.;</strong></span> 
     </span>
     <span class='ocr_line' id='line_1_78' title="bbox 1186 1604 2007 1653; baseline 0.001 -11"><span class='ocrx_word' id='word_1_451' title='bbox 1186 1628 1230 1633; x_wconf 97' lang='lat'><strong>—</strong></span> <span class='ocrx_word' id='word_1_452' title='bbox 1257 1607 1311 1642; x_wconf 94' lang='lat' dir='ltr'><strong>ob</strong></span> <span class='ocrx_word' id='word_1_453' title='bbox 1348 1606 1646 1653; x_wconf 87' lang='lat' dir='ltr'><strong>adoptionem</strong></span> <span class='ocrx_word' id='word_1_454' title='bbox 1677 1604 1837 1642; x_wconf 87' lang='lat' dir='ltr'><strong>Neronis</strong></span> <span class='ocrx_word' id='word_1_455' title='bbox 1873 1608 1935 1650; x_wconf 77' lang='lat'><strong>543</strong></span> <span class='ocrx_word' id='word_1_456' title='bbox 1961 1627 2007 1634; x_wconf 95' lang='lat'><strong>—</strong></span> 
     </span>
     <span class='ocr_line' id='line_1_79' title="bbox 1187 1663 2005 1712; baseline -0.001 -11"><span class='ocrx_word' id='word_1_457' title='bbox 1187 1667 1242 1702; x_wconf 90' lang='lat' dir='ltr'><strong>ob</strong></span> <span class='ocrx_word' id='word_1_458' title='bbox 1279 1666 1515 1712; x_wconf 87' lang='lat' dir='ltr'><strong>imperium</strong></span> <span class='ocrx_word' id='word_1_459' title='bbox 1554 1664 1595 1700; x_wconf 91' lang='lat' dir='ltr'><strong>C.</strong></span> <span class='ocrx_word' id='word_1_460' title='bbox 1627 1663 1801 1699; x_wconf 87' lang='lat' dir='ltr'><strong>Caesaris</strong></span> <span class='ocrx_word' id='word_1_461' title='bbox 1830 1666 1924 1710; x_wconf 86' lang='lat' dir='ltr'><strong>Aug.</strong></span> <span class='ocrx_word' id='word_1_462' title='bbox 1948 1668 2005 1710; x_wconf 85' lang='lat'><strong>63,</strong></span> 
     </span>
     <span class='ocr_line' id='line_1_80' title="bbox 1188 1722 2005 1766; baseline -0.002 -6"><span class='ocrx_word' id='word_1_463' title='bbox 1188 1745 1231 1751; x_wconf 89' lang='lat'><strong>—</strong></span> <span class='ocrx_word' id='word_1_464' title='bbox 1256 1724 1419 1760; x_wconf 82' lang='lat' dir='ltr'><strong>Neronis</strong></span> <span class='ocrx_word' id='word_1_465' title='bbox 1464 1725 1547 1765; x_wconf 73' lang='lat' dir='ltr'><strong>ibet,</strong></span> <span class='ocrx_word' id='word_1_466' title='bbox 1584 1742 1629 1748; x_wconf 92' lang='lat'><strong>--</strong></span> <span class='ocrx_word' id='word_1_467' title='bbox 1671 1722 1831 1759; x_wconf 86' lang='lat' dir='ltr'><strong>Othonis</strong></span> <span class='ocrx_word' id='word_1_468' title='bbox 1867 1724 1924 1766; x_wconf 82' lang='lat'><strong>64,</strong></span> <span class='ocrx_word' id='word_1_469' title='bbox 1962 1745 2005 1751; x_wconf 91' lang='lat'>—</span> 
     </span>
     <span class='ocr_line' id='line_1_81' title="bbox 1187 1781 2006 1824; baseline -0.001 -5"><span class='ocrx_word' id='word_1_470' title='bbox 1187 1783 1335 1819; x_wconf 89' lang='lat' dir='ltr'><strong>Vitellii</strong></span> <span class='ocrx_word' id='word_1_471' title='bbox 1360 1784 1443 1824; x_wconf 64' lang='lat' dir='ltr'><strong>iba„</strong></span> <span class='ocrx_word' id='word_1_472' title='bbox 1471 1801 1513 1806; x_wconf 97' lang='lat'><strong>—</strong></span> <span class='ocrx_word' id='word_1_473' title='bbox 1539 1781 1741 1816; x_wconf 85' lang='lat' dir='ltr'><strong>Domitiani</strong></span> <span class='ocrx_word' id='word_1_474' title='bbox 1766 1783 1855 1824; x_wconf 74' lang='lat' dir='ltr'><strong>ibd.;</strong></span> <span class='ocrx_word' id='word_1_475' title='bbox 1880 1802 1925 1808; x_wconf 88' lang='lat'><strong>—-</strong></span> <span class='ocrx_word' id='word_1_476' title='bbox 1951 1783 2006 1818; x_wconf 90' lang='lat' dir='ltr'><strong>ob</strong></span> 
     </span>
     <span class='ocr_line' id='line_1_82' title="bbox 1187 1839 2004 1886; baseline 0 -9"><span class='ocrx_word' id='word_1_477' title='bbox 1187 1842 1484 1877; x_wconf 88' lang='lat' dir='ltr'><strong>tribuniciam</strong></span> <span class='ocrx_word' id='word_1_478' title='bbox 1516 1842 1800 1886; x_wconf 85' lang='lat' dir='ltr'><strong>potestatem</strong></span> <span class='ocrx_word' id='word_1_479' title='bbox 1830 1839 2004 1884; x_wconf 88' lang='lat' dir='ltr'><strong>Neronis,</strong></span> 
     </span>
     <span class='ocr_line' id='line_1_83' title="bbox 1186 1898 2004 1942; baseline 0 -6"><span class='ocrx_word' id='word_1_480' title='bbox 1186 1900 1359 1942; x_wconf 74' lang='lat' dir='ltr'><strong>Othonis,</strong></span> <span class='ocrx_word' id='word_1_481' title='bbox 1387 1898 1545 1941; x_wconf 81' lang='lat' dir='ltr'><strong>Vitellii,</strong></span> <span class='ocrx_word' id='word_1_482' title='bbox 1561 1899 1762 1934; x_wconf 86' lang='lat' dir='ltr'><strong>Domitiani</strong></span> <span class='ocrx_word' id='word_1_483' title='bbox 1785 1900 1847 1939; x_wconf 84' lang='lat'><strong>65;</strong></span> <span class='ocrx_word' id='word_1_484' title='bbox 1874 1919 1918 1925; x_wconf 85' lang='lat'><strong>-·</strong></span> <span class='ocrx_word' id='word_1_485' title='bbox 1950 1901 2004 1936; x_wconf 89' lang='lat' dir='ltr'><strong>ob</strong></span> 
     </span>
     <span class='ocr_line' id='line_1_84' title="bbox 1186 1957 2004 2000; baseline 0 -5"><span class='ocrx_word' id='word_1_486' title='bbox 1186 1959 1376 1995; x_wconf 88' lang='lat' dir='ltr'><strong>comitia</strong></span> <span class='ocrx_word' id='word_1_487' title='bbox 1401 1957 1672 1993; x_wconf 89' lang='lat' dir='ltr'><strong>consularia</strong></span> <span class='ocrx_word' id='word_1_488' title='bbox 1695 1957 1869 2000; x_wconf 89' lang='lat' dir='ltr'><strong>Neronis,</strong></span> <span class='ocrx_word' id='word_1_489' title='bbox 1888 1957 2004 1995; x_wconf 88' lang='lat' dir='ltr'><strong>Otho-</strong></span> 
     </span>
    </p>
   </div>
   <div class='ocr_carea' id='block_1_6' title="bbox 1186 2015 2006 2174">
    <p class='ocr_par' dir='ltr' id='par_1_7' title="bbox 1186 2015 2006 2174">
     <span class='ocr_line' id='line_1_85' title="bbox 1187 2015 2004 2062; baseline 0.001 -9"><span class='ocrx_word' id='word_1_490' title='bbox 1187 2019 1246 2053; x_wconf 89' lang='lat' dir='ltr'><strong>nis</strong></span> <span class='ocrx_word' id='word_1_491' title='bbox 1271 2017 1335 2058; x_wconf 82' lang='lat'><strong>66;</strong></span> <span class='ocrx_word' id='word_1_492' title='bbox 1363 2036 1406 2042; x_wconf 93' lang='lat'>—</span> <span class='ocrx_word' id='word_1_493' title='bbox 1440 2017 1493 2052; x_wconf 92' lang='lat' dir='ltr'><strong>ob</strong></span> <span class='ocrx_word' id='word_1_494' title='bbox 1525 2015 1858 2062; x_wconf 87' lang='lat' dir='ltr'><strong>pontificatum</strong></span> <span class='ocrx_word' id='word_1_495' title='bbox 1883 2016 2004 2054; x_wconf 88' lang='lat' dir='ltr'><strong>Nero-</strong></span> 
     </span>
     <span class='ocr_line' id='line_1_86' title="bbox 1186 2075 2004 2117; baseline 0 -5"><span class='ocrx_word' id='word_1_496' title='bbox 1186 2077 1244 2112; x_wconf 82' lang='lat' dir='ltr'><strong>nis</strong></span> <span class='ocrx_word' id='word_1_497' title='bbox 1272 2077 1365 2117; x_wconf 66' lang='lat' dir='ltr'><strong>ibri-3</strong></span> <span class='ocrx_word' id='word_1_498' title='bbox 1393 2094 1435 2101; x_wconf 93' lang='lat'><em>-</em></span> <span class='ocrx_word' id='word_1_499' title='bbox 1472 2075 1525 2110; x_wconf 95' lang='lat' dir='ltr'><strong>ob</strong></span> <span class='ocrx_word' id='word_1_500' title='bbox 1563 2075 1761 2109; x_wconf 87' lang='lat' dir='ltr'><strong>comitia</strong></span> <span class='ocrx_word' id='word_1_501' title='bbox 1798 2076 2004 2112; x_wconf 87' lang='lat' dir='ltr'><strong>sacerdo-</strong></span> 
     </span>
     <span class='ocr_line' id='line_1_87' title="bbox 1186 2133 2006 2174; baseline 0.001 -4"><span class='ocrx_word' id='word_1_502' title='bbox 1186 2137 1354 2170; x_wconf 90' lang='lat' dir='ltr'><strong>tiorum</strong></span> <span class='ocrx_word' id='word_1_503' title='bbox 1380 2134 1539 2170; x_wconf 88' lang='lat' dir='ltr'><strong>Othonis</strong></span> <span class='ocrx_word' id='word_1_504' title='bbox 1570 2133 1635 2174; x_wconf 74' lang='grc' dir='ltr'><strong>ὃῖς</strong></span> <span class='ocrx_word' id='word_1_505' title='bbox 1662 2153 1702 2158; x_wconf 89' lang='lat'><strong>-—</strong></span> <span class='ocrx_word' id='word_1_506' title='bbox 1737 2133 1792 2168; x_wconf 93' lang='lat' dir='ltr'><strong>ob</strong></span> <span class='ocrx_word' id='word_1_507' title='bbox 1818 2135 2006 2171; x_wconf 87' lang='lat' dir='ltr'><strong>comitia</strong></span> 
     </span>
    </p>
   </div>
   <div class='ocr_carea' id='block_1_7' title="bbox 1182 2191 2006 3286">
    <p class='ocr_par' dir='ltr' id='par_1_8' title="bbox 1182 2191 2006 3286">
     <span class='ocr_line' id='line_1_88' title="bbox 1185 2191 2006 2241; baseline 0.001 -12"><span class='ocrx_word' id='word_1_508' title='bbox 1185 2193 1495 2241; x_wconf 85' lang='lat' dir='ltr'><strong>pontificatus</strong></span> <span class='ocrx_word' id='word_1_509' title='bbox 1521 2191 1706 2226; x_wconf 83' lang='lat' dir='ltr'><strong>maximi</strong></span> <span class='ocrx_word' id='word_1_510' title='bbox 1732 2191 1889 2229; x_wconf 82' lang='lat' dir='ltr'><strong>Othonis</strong></span> <span class='ocrx_word' id='word_1_511' title='bbox 1913 2195 2006 2236; x_wconf 81' lang='lat' dir='ltr'><strong>ibd.;</strong></span> 
     </span>
     <span class='ocr_line' id='line_1_89' title="bbox 1187 2250 2004 2298; baseline 0.001 -11"><span class='ocrx_word' id='word_1_512' title='bbox 1187 2272 1230 2278; x_wconf 93' lang='lat'><strong>—</strong></span> <span class='ocrx_word' id='word_1_513' title='bbox 1257 2252 1310 2287; x_wconf 93' lang='lat' dir='ltr'><strong>ob</strong></span> <span class='ocrx_word' id='word_1_514' title='bbox 1349 2250 1718 2297; x_wconf 87' lang='lat' dir='ltr'><strong>appellationem</strong></span> <span class='ocrx_word' id='word_1_515' title='bbox 1753 2252 1902 2296; x_wconf 86' lang='lat' dir='ltr'><strong>patris</strong></span> <span class='ocrx_word' id='word_1_516' title='bbox 1933 2263 2004 2298; x_wconf 88' lang='lat' dir='ltr'><strong>pa-</strong></span> 
     </span>
     <span class='ocr_line' id='line_1_90' title="bbox 1184 2307 2005 2346; baseline -0.005 0"><span class='ocrx_word' id='word_1_517' title='bbox 1184 2312 1303 2346; x_wconf 86' lang='lat' dir='ltr'><strong>triae</strong></span> <span class='ocrx_word' id='word_1_518' title='bbox 1329 2309 1485 2345; x_wconf 89' lang='lat' dir='ltr'><strong>Clandio</strong></span> <span class='ocrx_word' id='word_1_519' title='bbox 1509 2307 1696 2343; x_wconf 84' lang='lat' dir='ltr'><strong>decretam</strong></span> <span class='ocrx_word' id='word_1_520' title='bbox 1721 2309 1775 2344; x_wconf 89' lang='lat'><strong>68.</strong></span> <span class='ocrx_word' id='word_1_521' title='bbox 1801 2329 1846 2335; x_wconf 91' lang='lat'>—</span> <span class='ocrx_word' id='word_1_522' title='bbox 1877 2309 2005 2346; x_wconf 85' lang='lat' dir='ltr'><strong>Solum</strong></span> 
     </span>
     <span class='ocr_line' id='line_1_91' title="bbox 1187 2366 2004 2413; baseline 0 -8"><span class='ocrx_word' id='word_1_523' title='bbox 1187 2368 1405 2405; x_wconf 88' lang='lat' dir='ltr'><strong>sacrificium</strong></span> <span class='ocrx_word' id='word_1_524' title='bbox 1432 2367 1480 2401; x_wconf 93' lang='lat' dir='ltr'><strong>ob</strong></span> <span class='ocrx_word' id='word_1_525' title='bbox 1498 2366 1688 2413; x_wconf 88' lang='lat' dir='ltr'><strong>imperium</strong></span> <span class='ocrx_word' id='word_1_526' title='bbox 1706 2366 1775 2401; x_wconf 89' lang='lat' dir='ltr'><strong>sub</strong></span> <span class='ocrx_word' id='word_1_527' title='bbox 1797 2369 1923 2412; x_wconf 87' lang='lat' dir='ltr'><strong>primis</strong></span> <span class='ocrx_word' id='word_1_528' title='bbox 1938 2370 2004 2405; x_wconf 89' lang='lat' dir='ltr'><strong>im-</strong></span> 
     </span>
     <span class='ocr_line' id='line_1_92' title="bbox 1182 2424 2003 2477; baseline -0.001 -14"><span class='ocrx_word' id='word_1_529' title='bbox 1182 2427 1415 2475; x_wconf 89' lang='lat' dir='ltr'><strong>peratoribus</strong></span> <span class='ocrx_word' id='word_1_530' title='bbox 1428 2424 1716 2460; x_wconf 86' lang='lat' dir='ltr'><strong>anniversarium</strong></span> <span class='ocrx_word' id='word_1_531' title='bbox 1731 2424 1810 2477; x_wconf 61' lang='lat' dir='ltr'><strong>fpit,</strong></span> <span class='ocrx_word' id='word_1_532' title='bbox 1830 2436 2003 2462; x_wconf 86' lang='lat' dir='ltr'><strong>accesse-</strong></span> 
     </span>
     <span class='ocr_line' id='line_1_93' title="bbox 1184 2483 2003 2524; baseline -0.001 -3"><span class='ocrx_word' id='word_1_533' title='bbox 1184 2491 1269 2521; x_wconf 90' lang='lat' dir='ltr'><strong>runt</strong></span> <span class='ocrx_word' id='word_1_534' title='bbox 1293 2484 1509 2521; x_wconf 69' lang='lat' dir='ltr'><strong>cetera-sub</strong></span> <span class='ocrx_word' id='word_1_535' title='bbox 1540 2483 1709 2524; x_wconf 86' lang='lat' dir='ltr'><strong>Nerone,</strong></span> <span class='ocrx_word' id='word_1_536' title='bbox 1745 2483 1903 2519; x_wconf 86' lang='lat' dir='ltr'><strong>fortasse</strong></span> <span class='ocrx_word' id='word_1_537' title='bbox 1934 2486 2003 2520; x_wconf 89' lang='lat' dir='ltr'><strong>sub</strong></span> 
     </span>
     <span class='ocr_line' id='line_1_94' title="bbox 1186 2541 2003 2587; baseline 0 -8"><span class='ocrx_word' id='word_1_538' title='bbox 1186 2544 1360 2587; x_wconf 88' lang='lat' dir='ltr'><strong>Claudio;</strong></span> <span class='ocrx_word' id='word_1_539' title='bbox 1399 2542 1650 2577; x_wconf 82' lang='lat' dir='ltr'><strong>anniversaria</strong></span> <span class='ocrx_word' id='word_1_540' title='bbox 1695 2541 1870 2577; x_wconf 90' lang='lat' dir='ltr'><strong>desinunt</strong></span> <span class='ocrx_word' id='word_1_541' title='bbox 1904 2544 2003 2579; x_wconf 88' lang='lat' dir='ltr'><strong>cele-</strong></span> 
     </span>
     <span class='ocr_line' id='line_1_95' title="bbox 1184 2599 2003 2644; baseline 0.002 -7"><span class='ocrx_word' id='word_1_542' title='bbox 1184 2603 1283 2638; x_wconf 90' lang='lat' dir='ltr'><strong>brari</strong></span> <span class='ocrx_word' id='word_1_543' title='bbox 1317 2601 1403 2637; x_wconf 87' lang='lat' dir='ltr'><strong>iude</strong></span> <span class='ocrx_word' id='word_1_544' title='bbox 1429 2602 1476 2636; x_wconf 91' lang='lat' dir='ltr'><strong>ab</strong></span> <span class='ocrx_word' id='word_1_545' title='bbox 1503 2603 1626 2635; x_wconf 89' lang='lat' dir='ltr'><strong>aetate</strong></span> <span class='ocrx_word' id='word_1_546' title='bbox 1653 2599 1879 2644; x_wconf 66' lang='lat' dir='ltr'><strong>Flauiorum,</strong></span> <span class='ocrx_word' id='word_1_547' title='bbox 1918 2613 2003 2639; x_wconf 88' lang='lat' dir='ltr'><strong>con-</strong></span> 
     </span>
     <span class='ocr_line' id='line_1_96' title="bbox 1185 2657 2004 2708; baseline -0.001 -12"><span class='ocrx_word' id='word_1_548' title='bbox 1185 2663 1329 2696; x_wconf 88' lang='lat' dir='ltr'><strong>tinuata</strong></span> <span class='ocrx_word' id='word_1_549' title='bbox 1365 2665 1450 2695; x_wconf 89' lang='lat' dir='ltr'><strong>sunt</strong></span> <span class='ocrx_word' id='word_1_550' title='bbox 1481 2669 1590 2694; x_wconf 85' lang='lat' dir='ltr'><strong>sacra</strong></span> <span class='ocrx_word' id='word_1_551' title='bbox 1627 2657 1674 2692; x_wconf 92' lang='lat' dir='ltr'><strong>ob</strong></span> <span class='ocrx_word' id='word_1_552' title='bbox 1710 2658 1899 2704; x_wconf 88' lang='lat' dir='ltr'><strong>imperium</strong></span> <span class='ocrx_word' id='word_1_553' title='bbox 1930 2663 2004 2708; x_wconf 88' lang='lat' dir='ltr'><strong>pri-</strong></span> 
     </span>
     <span class='ocr_line' id='line_1_97' title="bbox 1186 2718 2003 2763; baseline 0.002 -9"><span class='ocrx_word' id='word_1_554' title='bbox 1186 2730 1279 2754; x_wconf 91' lang='lat' dir='ltr'><strong>mum</strong></span> <span class='ocrx_word' id='word_1_555' title='bbox 1306 2718 1486 2759; x_wconf 88' lang='lat' dir='ltr'><strong>delatum,</strong></span> <span class='ocrx_word' id='word_1_556' title='bbox 1521 2727 1737 2762; x_wconf 89' lang='lat' dir='ltr'><strong>quamquam</strong></span> <span class='ocrx_word' id='word_1_557' title='bbox 1769 2723 1853 2763; x_wconf 91' lang='lat' dir='ltr'><strong>post</strong></span> <span class='ocrx_word' id='word_1_558' title='bbox 1876 2719 2003 2755; x_wconf 90' lang='lat' dir='ltr'><strong>Domi-</strong></span> 
     </span>
     <span class='ocr_line' id='line_1_98' title="bbox 1185 2775 2003 2825; baseline 0.001 -12"><span class='ocrx_word' id='word_1_559' title='bbox 1185 2778 1322 2813; x_wconf 90' lang='lat' dir='ltr'><strong>tianum</strong></span> <span class='ocrx_word' id='word_1_560' title='bbox 1347 2778 1385 2812; x_wconf 91' lang='lat' dir='ltr'><strong>in</strong></span> <span class='ocrx_word' id='word_1_561' title='bbox 1410 2776 1505 2812; x_wconf 89' lang='lat' dir='ltr'><strong>actis</strong></span> <span class='ocrx_word' id='word_1_562' title='bbox 1537 2775 1797 2821; x_wconf 88' lang='lat' dir='ltr'><strong>superstitibus</strong></span> <span class='ocrx_word' id='word_1_563' title='bbox 1823 2787 1896 2812; x_wconf 90' lang='lat' dir='ltr'><strong>uon</strong></span> <span class='ocrx_word' id='word_1_564' title='bbox 1920 2789 2003 2825; x_wconf 89' lang='lat' dir='ltr'><strong>per-</strong></span> 
     </span>
     <span class='ocr_line' id='line_1_99' title="bbox 1186 2834 2003 2883; baseline 0.001 -12"><span class='ocrx_word' id='word_1_565' title='bbox 1186 2837 1328 2883; x_wconf 84' lang='lat' dir='ltr'><strong>scripta</strong></span> <span class='ocrx_word' id='word_1_566' title='bbox 1353 2838 1440 2871; x_wconf 88' lang='lat' dir='ltr'><strong>sunt</strong></span> <span class='ocrx_word' id='word_1_567' title='bbox 1464 2836 1521 2871; x_wconf 67' lang='lat'><strong>69:</strong></span> <span class='ocrx_word' id='word_1_568' title='bbox 1547 2854 1592 2859; x_wconf 90' lang='lat'>—</span> <span class='ocrx_word' id='word_1_569' title='bbox 1618 2834 1922 2870; x_wconf 87' lang='lat' dir='ltr'><strong>Sacrificium</strong></span> <span class='ocrx_word' id='word_1_570' title='bbox 1948 2837 2003 2872; x_wconf 92' lang='lat' dir='ltr'><strong>ob</strong></span> 
     </span>
     <span class='ocr_line' id='line_1_100' title="bbox 1186 2891 2004 2939; baseline 0 -9"><span class='ocrx_word' id='word_1_571' title='bbox 1186 2895 1471 2931; x_wconf 87' lang='lat' dir='ltr'><strong>consulatum</strong></span> <span class='ocrx_word' id='word_1_572' title='bbox 1494 2893 1743 2939; x_wconf 88' lang='lat' dir='ltr'><strong>principis:</strong></span> <span class='ocrx_word' id='word_1_573' title='bbox 1771 2891 1809 2928; x_wconf 88' lang='lat' dir='ltr'><strong>C.</strong></span> <span class='ocrx_word' id='word_1_574' title='bbox 1829 2893 2004 2931; x_wconf 88' lang='lat' dir='ltr'><strong>Caesaris</strong></span> 
     </span>
     <span class='ocr_line' id='line_1_101' title="bbox 1186 2951 2004 2998; baseline 0.001 -10"><span class='ocrx_word' id='word_1_575' title='bbox 1186 2954 1285 2998; x_wconf 86' lang='lat' dir='ltr'><strong>Aug.</strong></span> <span class='ocrx_word' id='word_1_576' title='bbox 1311 2954 1394 2993; x_wconf 71' lang='lat' dir='ltr'><strong>iba„</strong></span> <span class='ocrx_word' id='word_1_577' title='bbox 1410 2973 1456 2979; x_wconf 95' lang='lat'>—</span> <span class='ocrx_word' id='word_1_578' title='bbox 1481 2951 1641 2987; x_wconf 88' lang='lat' dir='ltr'><strong>Neronis</strong></span> <span class='ocrx_word' id='word_1_579' title='bbox 1667 2952 1748 2993; x_wconf 69' lang='grc' dir='ltr'><strong>ι’ῑιιῐἸ</strong></span> <span class='ocrx_word' id='word_1_580' title='bbox 1773 2971 1819 2976; x_wconf 94' lang='grc'><strong>-</strong></span> <span class='ocrx_word' id='word_1_581' title='bbox 1843 2951 2004 2989; x_wconf 84' lang='lat' dir='ltr'><strong>fortasse</strong></span> 
     </span>
     <span class='ocr_line' id='line_1_102' title="bbox 1187 3010 2006 3057; baseline 0 -10"><span class='ocrx_word' id='word_1_582' title='bbox 1187 3011 1331 3047; x_wconf 88' lang='lat' dir='ltr'><strong>Galbae</strong></span> <span class='ocrx_word' id='word_1_583' title='bbox 1359 3012 1420 3057; x_wconf 65' lang='lat'><strong>703</strong></span> <span class='ocrx_word' id='word_1_584' title='bbox 1438 3030 1474 3036; x_wconf 86' lang='lat'><em>-</em></span> <span class='ocrx_word' id='word_1_585' title='bbox 1498 3021 1579 3045; x_wconf 85' lang='lat' dir='ltr'><strong>cum</strong></span> <span class='ocrx_word' id='word_1_586' title='bbox 1602 3010 1791 3056; x_wconf 82' lang='lat' dir='ltr'><strong>imperium</strong></span> <span class='ocrx_word' id='word_1_587' title='bbox 1807 3011 2006 3047; x_wconf 83' lang='lat' dir='ltr'><strong>transisset</strong></span> 
     </span>
     <span class='ocr_line' id='line_1_103' title="bbox 1188 3068 2004 3112; baseline 0.001 -7"><span class='ocrx_word' id='word_1_588' title='bbox 1188 3070 1235 3105; x_wconf 84' lang='lat' dir='ltr'><strong>ad</strong></span> <span class='ocrx_word' id='word_1_589' title='bbox 1260 3070 1423 3112; x_wconf 85' lang='lat' dir='ltr'><strong>Flavios,</strong></span> <span class='ocrx_word' id='word_1_590' title='bbox 1448 3068 1506 3103; x_wconf 88' lang='lat' dir='ltr'><strong>vel</strong></span> <span class='ocrx_word' id='word_1_591' title='bbox 1530 3068 1704 3103; x_wconf 88' lang='lat' dir='ltr'><strong>abolitum</strong></span> <span class='ocrx_word' id='word_1_592' title='bbox 1730 3070 1790 3102; x_wconf 88' lang='lat' dir='ltr'><strong>est</strong></span> <span class='ocrx_word' id='word_1_593' title='bbox 1807 3068 1865 3103; x_wconf 85' lang='lat' dir='ltr'><strong>vel</strong></span> <span class='ocrx_word' id='word_1_594' title='bbox 1890 3068 2004 3106; x_wconf 89' lang='lat' dir='ltr'><strong>desiit</strong></span> 
     </span>
     <span class='ocr_line' id='line_1_104' title="bbox 1188 3126 2003 3164; baseline 0.001 -1"><span class='ocrx_word' id='word_1_595' title='bbox 1188 3129 1226 3163; x_wconf 89' lang='lat' dir='ltr'><strong>in</strong></span> <span class='ocrx_word' id='word_1_596' title='bbox 1252 3132 1337 3163; x_wconf 88' lang='lat' dir='ltr'><strong>acta</strong></span> <span class='ocrx_word' id='word_1_597' title='bbox 1366 3128 1494 3162; x_wconf 88' lang='lat' dir='ltr'><strong>referri</strong></span> <span class='ocrx_word' id='word_1_598' title='bbox 1519 3127 1590 3161; x_wconf 75' lang='lat' dir='ltr'><strong>ibd.</strong></span> <span class='ocrx_word' id='word_1_599' title='bbox 1618 3146 1657 3152; x_wconf 87' lang='lat'>—</span> <span class='ocrx_word' id='word_1_600' title='bbox 1699 3126 2003 3164; x_wconf 89' lang='lat' dir='ltr'><strong>Sacrificium</strong></span> 
     </span>
     <span class='ocr_line' id='line_1_105' title="bbox 1189 3183 2001 3231; baseline 0 -9"><span class='ocrx_word' id='word_1_601' title='bbox 1189 3187 1243 3222; x_wconf 92' lang='lat' dir='ltr'><strong>ob</strong></span> <span class='ocrx_word' id='word_1_602' title='bbox 1298 3187 1562 3222; x_wconf 87' lang='lat' dir='ltr'><strong>memoriam</strong></span> <span class='ocrx_word' id='word_1_603' title='bbox 1611 3184 1671 3221; x_wconf 85' lang='lat' dir='ltr'><strong>Ti.</strong></span> <span class='ocrx_word' id='word_1_604' title='bbox 1717 3183 1892 3220; x_wconf 88' lang='lat' dir='ltr'><strong>Caesaris</strong></span> <span class='ocrx_word' id='word_1_605' title='bbox 1939 3187 2001 3231; x_wconf 75' lang='lat'><strong>603</strong></span> 
     </span>
     <span class='ocr_line' id='line_1_106' title="bbox 1187 3243 2004 3286; baseline -0.001 -6"><span class='ocrx_word' id='word_1_606' title='bbox 1187 3247 1360 3281; x_wconf 89' lang='lat' dir='ltr'><strong>omissum</strong></span> <span class='ocrx_word' id='word_1_607' title='bbox 1397 3245 1470 3279; x_wconf 89' lang='lat' dir='ltr'><strong>iam</strong></span> <span class='ocrx_word' id='word_1_608' title='bbox 1507 3255 1541 3278; x_wconf 84' lang='lat' dir='ltr'><strong>a.</strong></span> <span class='ocrx_word' id='word_1_609' title='bbox 1570 3243 1617 3279; x_wconf 84' lang='lat'><strong>40</strong></span> <span class='ocrx_word' id='word_1_610' title='bbox 1647 3243 1735 3286; x_wconf 78' lang='lat' dir='ltr'><strong>ibd,;</strong></span> <span class='ocrx_word' id='word_1_611' title='bbox 1771 3264 1811 3269; x_wconf 94' lang='lat'>—</span> <span class='ocrx_word' id='word_1_612' title='bbox 1850 3244 2004 3280; x_wconf 88' lang='lat' dir='ltr'><strong>Domitii</strong></span> 
     </span>
    </p>
   </div>
  </div>
 </body>
</html>
