<?xml version="1.0" encoding="UTF-8"?>
<!DOCTYPE html PUBLIC "-//W3C//DTD XHTML 1.0 Transitional//EN"
    "http://www.w3.org/TR/xhtml1/DTD/xhtml1-transitional.dtd">
<html xmlns="http://www.w3.org/1999/xhtml" xml:lang="en" lang="en">
 <head>
  <title>
</title>
<meta http-equiv="Content-Type" content="text/html;charset=utf-8" />
  <meta name='ocr-system' content='tesseract 3.04.00' />
  <meta name='ocr-capabilities' content='ocr_page ocr_carea ocr_par ocr_line ocrx_word'/>
</head>
<body>
  <div class='ocr_page' id='page_1' title='image "./actafratrumarval00henzuoft_0293.png"; bbox 0 0 2340 3658; ppageno 0'>
   <div class='ocr_carea' id='block_1_1' title="bbox 0 0 110 3658">
    <p class='ocr_par' dir='ltr' id='par_1_1' title="bbox 0 0 110 3658">
     <span class='ocr_line' id='line_1_1' title="bbox 0 0 110 3658; baseline 0 0"><span class='ocrx_word' id='word_1_1' title='bbox 0 0 110 3658; x_wconf 95' lang='lat' dir='ltr'> </span> 
     </span>
    </p>
   </div>
   <div class='ocr_carea' id='block_1_2' title="bbox 966 185 2014 247">
    <p class='ocr_par' dir='ltr' id='par_1_2' title="bbox 966 185 2014 247">
     <span class='ocr_line' id='line_1_2' title="bbox 966 185 2014 247; baseline 0.001 -9"><span class='ocrx_word' id='word_1_2' title='bbox 966 203 1048 240; x_wconf 85' lang='lat' dir='ltr'>dies</span> <span class='ocrx_word' id='word_1_3' title='bbox 1073 203 1271 240; x_wconf 78' lang='lat' dir='ltr'>secundus.</span> <span class='ocrx_word' id='word_1_4' title='bbox 1325 185 1336 193; x_wconf 52' lang='grc'><strong>”</strong></span> <span class='ocrx_word' id='word_1_5' title='bbox 1959 205 2014 247; x_wconf 79' lang='grc'>23</span> 
     </span>
    </p>
   </div>
   <div class='ocr_carea' id='block_1_3' title="bbox 152 318 2033 3331">
    <p class='ocr_par' dir='ltr' id='par_1_3' title="bbox 152 318 2033 2385">
     <span class='ocr_line' id='line_1_3' title="bbox 222 318 2013 370; baseline -0.002 -11"><span class='ocrx_word' id='word_1_6' title='bbox 222 321 346 359; x_wconf 87' lang='lat' dir='ltr'>minus</span> <span class='ocrx_word' id='word_1_7' title='bbox 373 318 510 359; x_wconf 87' lang='lat' dir='ltr'>eadem</span> <span class='ocrx_word' id='word_1_8' title='bbox 550 319 701 358; x_wconf 88' lang='lat' dir='ltr'>ratione</span> <span class='ocrx_word' id='word_1_9' title='bbox 739 322 820 358; x_wconf 80' lang='lat' dir='ltr'>tum</span> <span class='ocrx_word' id='word_1_10' title='bbox 858 329 940 356; x_wconf 90' lang='lat' dir='ltr'>rem</span> <span class='ocrx_word' id='word_1_11' title='bbox 978 322 1179 368; x_wconf 77' lang='lat' dir='ltr'><strong>peractam</strong></span> <span class='ocrx_word' id='word_1_12' title='bbox 1211 330 1300 358; x_wconf 87' lang='lat' dir='ltr'>esse</span> <span class='ocrx_word' id='word_1_13' title='bbox 1339 331 1390 358; x_wconf 88' lang='lat' dir='ltr'>ex</span> <span class='ocrx_word' id='word_1_14' title='bbox 1422 319 1471 358; x_wconf 89' lang='lat' dir='ltr'>iis</span> <span class='ocrx_word' id='word_1_15' title='bbox 1498 323 1668 370; x_wconf 88' lang='lat' dir='ltr'>apparet</span> <span class='ocrx_word' id='word_1_16' title='bbox 1693 329 1794 369; x_wconf 79' lang='lat' dir='ltr'>quae</span> <span class='ocrx_word' id='word_1_17' title='bbox 1816 318 1865 356; x_wconf 89' lang='lat' dir='ltr'>de</span> <span class='ocrx_word' id='word_1_18' title='bbox 1892 320 2013 357; x_wconf 90' lang='lat' dir='ltr'>caeri-</span> 
     </span>
     <span class='ocr_line' id='line_1_4' title="bbox 221 382 2012 433; baseline -0.001 -11"><span class='ocrx_word' id='word_1_19' title='bbox 221 383 358 422; x_wconf 82' lang='lat' dir='ltr'>moniis</span> <span class='ocrx_word' id='word_1_20' title='bbox 383 382 679 433; x_wconf 85' lang='lat' dir='ltr'>insequentibus</span> <span class='ocrx_word' id='word_1_21' title='bbox 706 388 796 420; x_wconf 86' lang='lat' dir='ltr'>acta</span> <span class='ocrx_word' id='word_1_22' title='bbox 820 393 856 420; x_wconf 85' lang='lat' dir='ltr'>a.</span> <span class='ocrx_word' id='word_1_23' title='bbox 875 382 952 419; x_wconf 85' lang='lat'>218</span> <span class='ocrx_word' id='word_1_24' title='bbox 980 382 1161 420; x_wconf 88' lang='lat' dir='ltr'>referunt.</span> <span class='ocrx_word' id='word_1_25' title='bbox 1214 382 1369 421; x_wconf 81' lang='lat' dir='ltr'>Dicitur</span> <span class='ocrx_word' id='word_1_26' title='bbox 1395 382 1496 420; x_wconf 90' lang='lat' dir='ltr'>enim</span> <span class='ocrx_word' id='word_1_27' title='bbox 1517 382 1791 433; x_wconf 79' lang='lat' dir='ltr'>promagister,</span> <span class='ocrx_word' id='word_1_28' title='bbox 1819 393 1905 419; x_wconf 89' lang='lat' dir='ltr'>cum</span> <span class='ocrx_word' id='word_1_29' title='bbox 1923 393 2012 420; x_wconf 82' lang='lat' dir='ltr'>vac-</span> 
     </span>
     <span class='ocr_line' id='line_1_5' title="bbox 223 443 2013 495; baseline -0.002 -10"><span class='ocrx_word' id='word_1_30' title='bbox 223 458 308 485; x_wconf 85' lang='lat' dir='ltr'>cam</span> <span class='ocrx_word' id='word_1_31' title='bbox 335 446 584 484; x_wconf 74' lang='lat' dir='ltr'><strong>honorariam</strong></span> <span class='ocrx_word' id='word_1_32' title='bbox 609 445 868 493; x_wconf 83' lang='lat' dir='ltr'>immolasset,</span> <span class='ocrx_word' id='word_1_33' title='bbox 902 443 994 481; x_wconf 89' lang='lat' dir='ltr'>inde</span> <span class='ocrx_word' id='word_1_34' title='bbox 1028 444 1069 481; x_wconf 91' lang='lat' dir='ltr'>in</span> <span class='ocrx_word' id='word_1_35' title='bbox 1102 445 1310 495; x_wconf 81' lang='lat' dir='ltr'>tetrastylo</span> <span class='ocrx_word' id='word_1_36' title='bbox 1337 456 1517 484; x_wconf 87' lang='lat' dir='ltr'>reversus</span> <span class='ocrx_word' id='word_1_37' title='bbox 1548 445 1743 484; x_wconf 81' lang='lat' dir='ltr'>subselliis</span> <span class='ocrx_word' id='word_1_38' title='bbox 1771 443 2013 492; x_wconf 82' lang='lat' dir='ltr'>consedisse,</span> 
     </span>
     <span class='ocr_line' id='line_1_6' title="bbox 220 507 2014 561; baseline -0.002 -13"><span class='ocrx_word' id='word_1_39' title='bbox 220 509 362 548; x_wconf 87' lang='lat' dir='ltr'>deinde</span> <span class='ocrx_word' id='word_1_40' title='bbox 387 520 482 561; x_wconf 72' lang='lat' dir='ltr'>vero</span> <span class='ocrx_word' id='word_1_41' title='bbox 509 519 690 547; x_wconf 89' lang='lat' dir='ltr'>reversus</span> <span class='ocrx_word' id='word_1_42' title='bbox 723 507 776 547; x_wconf 87' lang='lat' dir='ltr'>ad</span> <span class='ocrx_word' id='word_1_43' title='bbox 814 518 919 546; x_wconf 86' lang='lat' dir='ltr'>aram</span> <span class='ocrx_word' id='word_1_44' title='bbox 953 512 1065 546; x_wconf 87' lang='lat' dir='ltr'>extas</span> <span class='ocrx_word' id='word_1_45' title='bbox 1098 507 1319 546; x_wconf 80' lang='lat' dir='ltr'>reddidisse</span> <span class='ocrx_word' id='word_1_46' title='bbox 1352 508 1581 558; x_wconf 87' lang='lat' dir='ltr'>porciliares</span> <span class='ocrx_word' id='word_1_47' title='bbox 1598 538 1608 557; x_wconf 93' lang='lat'>,</span> <span class='ocrx_word' id='word_1_48' title='bbox 1649 508 1742 546; x_wconf 90' lang='lat' dir='ltr'>item</span> <span class='ocrx_word' id='word_1_49' title='bbox 1778 508 1816 545; x_wconf 92' lang='lat' dir='ltr'>in</span> <span class='ocrx_word' id='word_1_50' title='bbox 1845 507 1947 545; x_wconf 89' lang='lat' dir='ltr'>circo</span> <span class='ocrx_word' id='word_1_51' title='bbox 1974 507 2014 544; x_wconf 88' lang='lat' dir='ltr'>in</span> 
     </span>
     <span class='ocr_line' id='line_1_7' title="bbox 221 570 2014 622; baseline -0.002 -12"><span class='ocrx_word' id='word_1_52' title='bbox 221 572 350 610; x_wconf 87' lang='lat' dir='ltr'>foculo</span> <span class='ocrx_word' id='word_1_53' title='bbox 378 576 565 622; x_wconf 87' lang='lat' dir='ltr'>argenteo</span> <span class='ocrx_word' id='word_1_54' title='bbox 594 570 732 620; x_wconf 79' lang='lat' dir='ltr'>cespiti</span> <span class='ocrx_word' id='word_1_55' title='bbox 760 572 898 608; x_wconf 87' lang='lat' dir='ltr'>ornato</span> <span class='ocrx_word' id='word_1_56' title='bbox 926 574 1055 608; x_wconf 83' lang='lat' dir='ltr'>extam</span> <span class='ocrx_word' id='word_1_57' title='bbox 1085 570 1289 608; x_wconf 82' lang='lat' dir='ltr'>vaccinam</span> <span class='ocrx_word' id='word_1_58' title='bbox 1306 570 1539 609; x_wconf 83' lang='lat' dir='ltr'>reddidisse.</span> <span class='ocrx_word' id='word_1_59' title='bbox 1577 571 1879 620; x_wconf 84' lang='lat' dir='ltr'>Distinguuntur</span> <span class='ocrx_word' id='word_1_60' title='bbox 1896 570 2014 619; x_wconf 85' lang='lat' dir='ltr'>igitur</span> 
     </span>
     <span class='ocr_line' id='line_1_8' title="bbox 220 632 2012 685; baseline -0.001 -13"><span class='ocrx_word' id='word_1_61' title='bbox 220 645 292 672; x_wconf 82' lang='lat' dir='ltr'>ara</span> <span class='ocrx_word' id='word_1_62' title='bbox 322 639 361 673; x_wconf 88' lang='lat' dir='ltr'>et</span> <span class='ocrx_word' id='word_1_63' title='bbox 387 634 553 684; x_wconf 79' lang='lat' dir='ltr'>foculus,</span> <span class='ocrx_word' id='word_1_64' title='bbox 580 635 647 685; x_wconf 88' lang='lat' dir='ltr'>qui</span> <span class='ocrx_word' id='word_1_65' title='bbox 673 634 747 672; x_wconf 88' lang='lat' dir='ltr'>hoe</span> <span class='ocrx_word' id='word_1_66' title='bbox 774 634 864 671; x_wconf 94' lang='lat' dir='ltr'>loco</span> <span class='ocrx_word' id='word_1_67' title='bbox 891 633 1031 671; x_wconf 88' lang='lat' dir='ltr'>dicitur</span> <span class='ocrx_word' id='word_1_68' title='bbox 1057 633 1095 670; x_wconf 91' lang='lat' dir='ltr'>in</span> <span class='ocrx_word' id='word_1_69' title='bbox 1124 633 1229 670; x_wconf 87' lang='lat' dir='ltr'>circo</span> <span class='ocrx_word' id='word_1_70' title='bbox 1253 634 1403 683; x_wconf 86' lang='lat' dir='ltr'>positus</span> <span class='ocrx_word' id='word_1_71' title='bbox 1431 645 1529 682; x_wconf 89' lang='lat' dir='ltr'>esse,</span> <span class='ocrx_word' id='word_1_72' title='bbox 1558 645 1644 672; x_wconf 91' lang='lat' dir='ltr'>cum</span> <span class='ocrx_word' id='word_1_73' title='bbox 1662 637 1780 672; x_wconf 89' lang='lat' dir='ltr'>antea</span> <span class='ocrx_word' id='word_1_74' title='bbox 1803 632 2012 671; x_wconf 82' lang='lat' dir='ltr'>viderimus</span> 
     </span>
     <span class='ocr_line' id='line_1_9' title="bbox 219 696 2012 747; baseline -0.001 -12"><span class='ocrx_word' id='word_1_75' title='bbox 219 708 343 747; x_wconf 87' lang='lat' dir='ltr'>prope</span> <span class='ocrx_word' id='word_1_76' title='bbox 369 709 475 736; x_wconf 84' lang='lat' dir='ltr'>aram</span> <span class='ocrx_word' id='word_1_77' title='bbox 503 709 588 736; x_wconf 92' lang='lat' dir='ltr'>eum</span> <span class='ocrx_word' id='word_1_78' title='bbox 617 697 849 736; x_wconf 87' lang='lat' dir='ltr'>collocatum</span> <span class='ocrx_word' id='word_1_79' title='bbox 876 707 975 734; x_wconf 88' lang='lat' dir='ltr'>esse.</span> <span class='ocrx_word' id='word_1_80' title='bbox 1013 698 1097 734; x_wconf 90' lang='lat' dir='ltr'>Ara</span> <span class='ocrx_word' id='word_1_81' title='bbox 1123 699 1252 733; x_wconf 84' lang='lat' dir='ltr'>autem</span> <span class='ocrx_word' id='word_1_82' title='bbox 1279 700 1368 734; x_wconf 89' lang='lat' dir='ltr'>ante</span> <span class='ocrx_word' id='word_1_83' title='bbox 1396 696 1523 734; x_wconf 82' lang='lat' dir='ltr'>lucum</span> <span class='ocrx_word' id='word_1_84' title='bbox 1552 697 1629 734; x_wconf 90' lang='lat' dir='ltr'>sita</span> <span class='ocrx_word' id='word_1_85' title='bbox 1649 701 1734 735; x_wconf 90' lang='lat' dir='ltr'>erat</span> <span class='ocrx_word' id='word_1_86' title='bbox 1757 696 1836 745; x_wconf 79' lang='grc'>(87)</span> <span class='ocrx_word' id='word_1_87' title='bbox 1863 699 1902 734; x_wconf 88' lang='lat' dir='ltr'>et</span> <span class='ocrx_word' id='word_1_88' title='bbox 1921 700 2012 734; x_wconf 84' lang='lat' dir='ltr'>ante</span> 
     </span>
     <span class='ocr_line' id='line_1_10' title="bbox 218 757 2012 811; baseline -0.001 -14"><span class='ocrx_word' id='word_1_89' title='bbox 218 759 348 798; x_wconf 90' lang='lat' dir='ltr'>lucum</span> <span class='ocrx_word' id='word_1_90' title='bbox 373 761 543 799; x_wconf 87' lang='lat' dir='ltr'>foculum</span> <span class='ocrx_word' id='word_1_91' title='bbox 570 771 727 811; x_wconf 89' lang='lat' dir='ltr'>quoque</span> <span class='ocrx_word' id='word_1_92' title='bbox 753 759 924 810; x_wconf 86' lang='lat' dir='ltr'>positum</span> <span class='ocrx_word' id='word_1_93' title='bbox 950 770 1036 796; x_wconf 88' lang='lat' dir='ltr'>esse</span> <span class='ocrx_word' id='word_1_94' title='bbox 1065 758 1354 808; x_wconf 69' lang='lat' dir='ltr'>alibislegimus</span> <span class='ocrx_word' id='word_1_95' title='bbox 1382 757 1475 807; x_wconf 89' lang='lat'>(90).</span> <span class='ocrx_word' id='word_1_96' title='bbox 1528 758 1671 808; x_wconf 87' lang='lat' dir='ltr'>Itaque</span> <span class='ocrx_word' id='word_1_97' title='bbox 1706 771 1791 797; x_wconf 87' lang='lat' dir='ltr'>cum</span> <span class='ocrx_word' id='word_1_98' title='bbox 1818 771 1896 797; x_wconf 90' lang='lat' dir='ltr'>non</span> <span class='ocrx_word' id='word_1_99' title='bbox 1922 769 2012 808; x_wconf 88' lang='lat' dir='ltr'>pro·</span> 
     </span>
     <span class='ocr_line' id='line_1_11' title="bbox 219 821 2014 871; baseline -0.001 -11"><span class='ocrx_word' id='word_1_100' title='bbox 219 822 351 861; x_wconf 82' lang='lat' dir='ltr'>babile</span> <span class='ocrx_word' id='word_1_101' title='bbox 379 823 430 862; x_wconf 88' lang='lat' dir='ltr'>sit</span> <span class='ocrx_word' id='word_1_102' title='bbox 458 835 565 862; x_wconf 87' lang='lat' dir='ltr'>aram</span> <span class='ocrx_word' id='word_1_103' title='bbox 592 824 632 861; x_wconf 93' lang='lat' dir='ltr'>in</span> <span class='ocrx_word' id='word_1_104' title='bbox 659 823 764 861; x_wconf 89' lang='lat' dir='ltr'>circo</span> <span class='ocrx_word' id='word_1_105' title='bbox 792 827 976 861; x_wconf 83' lang='lat' dir='ltr'>statutam</span> <span class='ocrx_word' id='word_1_106' title='bbox 1004 822 1148 870; x_wconf 88' lang='lat' dir='ltr'>fuisse,</span> <span class='ocrx_word' id='word_1_107' title='bbox 1180 822 1347 869; x_wconf 85' lang='lat' dir='ltr'>foculus,</span> <span class='ocrx_word' id='word_1_108' title='bbox 1389 822 1455 871; x_wconf 91' lang='lat' dir='ltr'>qui</span> <span class='ocrx_word' id='word_1_109' title='bbox 1481 833 1604 871; x_wconf 91' lang='lat' dir='ltr'>prope</span> <span class='ocrx_word' id='word_1_110' title='bbox 1631 833 1739 860; x_wconf 86' lang='lat' dir='ltr'>aram</span> <span class='ocrx_word' id='word_1_111' title='bbox 1767 826 1857 860; x_wconf 90' lang='lat' dir='ltr'>ante</span> <span class='ocrx_word' id='word_1_112' title='bbox 1883 821 2014 859; x_wconf 91' lang='lat' dir='ltr'>lucum</span> 
     </span>
     <span class='ocr_line' id='line_1_12' title="bbox 219 879 2013 934; baseline -0.001 -11"><span class='ocrx_word' id='word_1_113' title='bbox 219 885 357 934; x_wconf 85' lang='lat' dir='ltr'>fuerat,</span> <span class='ocrx_word' id='word_1_114' title='bbox 386 899 473 925; x_wconf 91' lang='lat' dir='ltr'>cum</span> <span class='ocrx_word' id='word_1_115' title='bbox 500 898 623 925; x_wconf 84' lang='lat' dir='ltr'>vacca</span> <span class='ocrx_word' id='word_1_116' title='bbox 647 886 930 934; x_wconf 85' lang='lat' dir='ltr'>immolaretur,</span> <span class='ocrx_word' id='word_1_117' title='bbox 970 879 1123 924; x_wconf 88' lang='lat' dir='ltr'>videtur</span> <span class='ocrx_word' id='word_1_118' title='bbox 1156 885 1198 924; x_wconf 87' lang='lat' dir='ltr'>in</span> <span class='ocrx_word' id='word_1_119' title='bbox 1233 885 1376 923; x_wconf 90' lang='lat' dir='ltr'>circum</span> <span class='ocrx_word' id='word_1_120' title='bbox 1414 884 1625 922; x_wconf 85' lang='lat' dir='ltr'>translatus</span> <span class='ocrx_word' id='word_1_121' title='bbox 1664 895 1765 933; x_wconf 88' lang='lat' dir='ltr'>esse,</span> <span class='ocrx_word' id='word_1_122' title='bbox 1804 888 2013 934; x_wconf 85' lang='lat' dir='ltr'>antequam</span> 
     </span>
     <span class='ocr_line' id='line_1_13' title="bbox 218 939 2014 999; baseline -0.001 -14"><span class='ocrx_word' id='word_1_123' title='bbox 218 953 311 987; x_wconf 85' lang='lat' dir='ltr'>exta</span> <span class='ocrx_word' id='word_1_124' title='bbox 339 949 503 987; x_wconf 86' lang='lat' dir='ltr'>vaccina</span> <span class='ocrx_word' id='word_1_125' title='bbox 527 939 790 999; x_wconf 87' lang='lat' dir='ltr'>promagistro</span> <span class='ocrx_word' id='word_1_126' title='bbox 816 948 1019 986; x_wconf 89' lang='lat' dir='ltr'>reddenda</span> <span class='ocrx_word' id='word_1_127' title='bbox 1044 953 1187 986; x_wconf 88' lang='lat' dir='ltr'>essent.</span> <span class='ocrx_word' id='word_1_128' title='bbox 1247 947 1384 986; x_wconf 90' lang='lat' dir='ltr'>Foculi</span> <span class='ocrx_word' id='word_1_129' title='bbox 1418 948 1518 985; x_wconf 91' lang='lat' dir='ltr'>enim</span> <span class='ocrx_word' id='word_1_130' title='bbox 1553 947 1731 985; x_wconf 88' lang='lat' dir='ltr'>videntur</span> <span class='ocrx_word' id='word_1_131' title='bbox 1762 948 1883 986; x_wconf 87' lang='lat' dir='ltr'>fuisse</span> <span class='ocrx_word' id='word_1_132' title='bbox 1918 959 2014 984; x_wconf 87' lang='lat' dir='ltr'>vasa</span> 
     </span>
     <span class='ocr_line' id='line_1_14' title="bbox 218 1010 2011 1062; baseline -0.001 -14"><span class='ocrx_word' id='word_1_133' title='bbox 218 1010 444 1060; x_wconf 87' lang='lat' dir='ltr'>tripodesve</span> <span class='ocrx_word' id='word_1_134' title='bbox 494 1012 710 1062; x_wconf 82' lang='lat' dir='ltr'>plicatiles,</span> <span class='ocrx_word' id='word_1_135' title='bbox 753 1011 820 1062; x_wconf 89' lang='lat' dir='ltr'>qui</span> <span class='ocrx_word' id='word_1_136' title='bbox 860 1011 976 1050; x_wconf 86' lang='lat' dir='ltr'>facile</span> <span class='ocrx_word' id='word_1_137' title='bbox 1020 1011 1109 1050; x_wconf 88' lang='lat' dir='ltr'>loco</span> <span class='ocrx_word' id='word_1_138' title='bbox 1155 1012 1431 1058; x_wconf 88' lang='lat' dir='ltr'>movebantur;</span> <span class='ocrx_word' id='word_1_139' title='bbox 1482 1011 1531 1049; x_wconf 90' lang='lat' dir='ltr'>cf.</span> <span class='ocrx_word' id='word_1_140' title='bbox 1569 1022 1617 1048; x_wconf 89' lang='lat' dir='ltr'>ea</span> <span class='ocrx_word' id='word_1_141' title='bbox 1668 1011 1807 1060; x_wconf 87' lang='lat' dir='ltr'>quibus</span> <span class='ocrx_word' id='word_1_142' title='bbox 1845 1010 2011 1047; x_wconf 89' lang='lat' dir='ltr'>illustra-</span> 
     </span>
     <span class='ocr_line' id='line_1_15' title="bbox 219 1072 2010 1114; baseline 0 -4"><span class='ocrx_word' id='word_1_143' title='bbox 219 1073 342 1112; x_wconf 87' lang='lat' dir='ltr'>vimus</span> <span class='ocrx_word' id='word_1_144' title='bbox 380 1074 574 1114; x_wconf 88' lang='lat' dir='ltr'>sacrificia</span> <span class='ocrx_word' id='word_1_145' title='bbox 606 1075 655 1113; x_wconf 94' lang='lat' dir='ltr'>ob</span> <span class='ocrx_word' id='word_1_146' title='bbox 691 1079 784 1112; x_wconf 88' lang='lat' dir='ltr'>vota</span> <span class='ocrx_word' id='word_1_147' title='bbox 817 1085 947 1112; x_wconf 87' lang='lat' dir='ltr'>annua</span> <span class='ocrx_word' id='word_1_148' title='bbox 980 1086 1078 1112; x_wconf 88' lang='lat' dir='ltr'>anno</span> <span class='ocrx_word' id='word_1_149' title='bbox 1113 1073 1158 1112; x_wconf 74' lang='lat'>87</span> <span class='ocrx_word' id='word_1_150' title='bbox 1195 1075 1312 1112; x_wconf 87' lang='lat' dir='ltr'>facta.</span> <span class='ocrx_word' id='word_1_151' title='bbox 1367 1074 1427 1111; x_wconf 93' lang='lat' dir='ltr'>De</span> <span class='ocrx_word' id='word_1_152' title='bbox 1456 1073 1556 1111; x_wconf 86' lang='lat' dir='ltr'>extis</span> <span class='ocrx_word' id='word_1_153' title='bbox 1585 1073 1749 1112; x_wconf 88' lang='lat' dir='ltr'>redditis</span> <span class='ocrx_word' id='word_1_154' title='bbox 1778 1073 1828 1111; x_wconf 87' lang='lat' dir='ltr'>cf.</span> <span class='ocrx_word' id='word_1_155' title='bbox 1855 1072 2010 1111; x_wconf 88' lang='lat' dir='ltr'>ibidem.</span> 
     </span>
     <span class='ocr_line' id='line_1_16' title="bbox 218 1134 2011 1187; baseline 0 -14"><span class='ocrx_word' id='word_1_156' title='bbox 218 1134 295 1174; x_wconf 88' lang='lat' dir='ltr'>Hic</span> <span class='ocrx_word' id='word_1_157' title='bbox 336 1137 504 1176; x_wconf 85' lang='lat' dir='ltr'>sufficiat</span> <span class='ocrx_word' id='word_1_158' title='bbox 541 1143 701 1176; x_wconf 84' lang='lat' dir='ltr'>notasse</span> <span class='ocrx_word' id='word_1_159' title='bbox 740 1143 891 1187; x_wconf 89' lang='lat' dir='ltr'>partem</span> <span class='ocrx_word' id='word_1_160' title='bbox 931 1138 1122 1176; x_wconf 88' lang='lat' dir='ltr'>viscerum</span> <span class='ocrx_word' id='word_1_161' title='bbox 1163 1138 1341 1176; x_wconf 89' lang='lat' dir='ltr'>victimae</span> <span class='ocrx_word' id='word_1_162' title='bbox 1389 1136 1611 1174; x_wconf 77' lang='lat' dir='ltr'>immolatae</span> <span class='ocrx_word' id='word_1_163' title='bbox 1653 1136 1692 1174; x_wconf 90' lang='lat' dir='ltr'>in</span> <span class='ocrx_word' id='word_1_164' title='bbox 1734 1136 1813 1174; x_wconf 83' lang='lat' dir='ltr'>olla</span> <span class='ocrx_word' id='word_1_165' title='bbox 1859 1140 2011 1174; x_wconf 85' lang='lat' dir='ltr'>coctam</span> 
     </span>
     <span class='ocr_line' id='line_1_17' title="bbox 217 1198 2012 1251; baseline 0 -15"><span class='ocrx_word' id='word_1_166' title='bbox 217 1210 311 1237; x_wconf 85' lang='lat' dir='ltr'>arae</span> <span class='ocrx_word' id='word_1_167' title='bbox 338 1199 516 1239; x_wconf 86' lang='lat' dir='ltr'>foculove</span> <span class='ocrx_word' id='word_1_168' title='bbox 542 1201 688 1251; x_wconf 89' lang='lat' dir='ltr'>imponi</span> <span class='ocrx_word' id='word_1_169' title='bbox 703 1201 966 1249; x_wconf 86' lang='lat' dir='ltr'>consuevisse,</span> <span class='ocrx_word' id='word_1_170' title='bbox 993 1201 1312 1251; x_wconf 88' lang='lat' dir='ltr'>appellatumque</span> <span class='ocrx_word' id='word_1_171' title='bbox 1339 1199 1380 1238; x_wconf 89' lang='lat' dir='ltr'>id</span> <span class='ocrx_word' id='word_1_172' title='bbox 1400 1211 1487 1238; x_wconf 88' lang='lat' dir='ltr'>esse</span> <span class='ocrx_word' id='word_1_173' title='bbox 1506 1206 1605 1237; x_wconf 72' lang='lat' dir='ltr'>exta-3</span> <span class='ocrx_word' id='word_1_174' title='bbox 1624 1200 1783 1237; x_wconf 80' lang='lat' dir='ltr'>reddere.</span> <span class='ocrx_word' id='word_1_175' title='bbox 1826 1198 2012 1247; x_wconf 89' lang='lat' dir='ltr'>Foculus,</span> 
     </span>
     <span class='ocr_line' id='line_1_18' title="bbox 220 1261 2012 1315; baseline 0 -15"><span class='ocrx_word' id='word_1_176' title='bbox 220 1274 299 1312; x_wconf 88' lang='lat' dir='ltr'>quo</span> <span class='ocrx_word' id='word_1_177' title='bbox 324 1263 508 1302; x_wconf 86' lang='lat' dir='ltr'>utebatur</span> <span class='ocrx_word' id='word_1_178' title='bbox 532 1264 720 1313; x_wconf 88' lang='lat' dir='ltr'>magister</span> <span class='ocrx_word' id='word_1_179' title='bbox 747 1262 1052 1315; x_wconf 87' lang='lat' dir='ltr'>(promagister),</span> <span class='ocrx_word' id='word_1_180' title='bbox 1079 1269 1289 1313; x_wconf 86' lang='lat' dir='ltr'>argenteus</span> <span class='ocrx_word' id='word_1_181' title='bbox 1324 1267 1411 1301; x_wconf 87' lang='lat' dir='ltr'>erat</span> <span class='ocrx_word' id='word_1_182' title='bbox 1443 1274 1489 1301; x_wconf 87' lang='lat' dir='ltr'>ac</span> <span class='ocrx_word' id='word_1_183' title='bbox 1524 1262 1671 1312; x_wconf 87' lang='lat' dir='ltr'>cespite</span> <span class='ocrx_word' id='word_1_184' title='bbox 1700 1267 1871 1301; x_wconf 87' lang='lat' dir='ltr'>ornatus.</span> <span class='ocrx_word' id='word_1_185' title='bbox 1925 1261 2012 1300; x_wconf 93' lang='lat' dir='ltr'>Iam</span> 
     </span>
     <span class='ocr_line' id='line_1_19' title="bbox 218 1325 2011 1378; baseline 0 -15"><span class='ocrx_word' id='word_1_186' title='bbox 218 1336 309 1363; x_wconf 82' lang='lat' dir='ltr'>vero</span> <span class='ocrx_word' id='word_1_187' title='bbox 336 1326 523 1364; x_wconf 88' lang='lat' dir='ltr'>Marinius</span> <span class='ocrx_word' id='word_1_188' title='bbox 553 1327 606 1376; x_wconf 90' lang='lat' dir='ltr'>(p.</span> <span class='ocrx_word' id='word_1_189' title='bbox 629 1325 741 1377; x_wconf 85' lang='lat'>584),</span> <span class='ocrx_word' id='word_1_190' title='bbox 776 1326 883 1376; x_wconf 90' lang='lat' dir='ltr'>quod</span> <span class='ocrx_word' id='word_1_191' title='bbox 916 1327 1191 1378; x_wconf 86' lang='lat' dir='ltr'>antiquissima</span> <span class='ocrx_word' id='word_1_192' title='bbox 1225 1331 1354 1365; x_wconf 88' lang='lat' dir='ltr'>aetate</span> <span class='ocrx_word' id='word_1_193' title='bbox 1390 1338 1439 1364; x_wconf 87' lang='lat' dir='ltr'>ex</span> <span class='ocrx_word' id='word_1_194' title='bbox 1474 1325 1600 1375; x_wconf 88' lang='lat' dir='ltr'>glebis</span> <span class='ocrx_word' id='word_1_195' title='bbox 1630 1326 1892 1375; x_wconf 88' lang='lat' dir='ltr'>cespitibusve</span> <span class='ocrx_word' id='word_1_196' title='bbox 1919 1337 2011 1364; x_wconf 91' lang='lat' dir='ltr'>arae</span> 
     </span>
     <span class='ocr_line' id='line_1_20' title="bbox 221 1387 2013 1440; baseline 0 -15"><span class='ocrx_word' id='word_1_197' title='bbox 221 1387 382 1437; x_wconf 90' lang='lat' dir='ltr'>fiebant,</span> <span class='ocrx_word' id='word_1_198' title='bbox 409 1389 486 1427; x_wconf 86' lang='lat' dir='ltr'>aris</span> <span class='ocrx_word' id='word_1_199' title='bbox 515 1394 643 1428; x_wconf 87' lang='lat' dir='ltr'>autem</span> <span class='ocrx_word' id='word_1_200' title='bbox 671 1390 788 1428; x_wconf 87' lang='lat' dir='ltr'>etiam</span> <span class='ocrx_word' id='word_1_201' title='bbox 814 1389 984 1440; x_wconf 89' lang='lat' dir='ltr'>lapideis</span> <span class='ocrx_word' id='word_1_202' title='bbox 1018 1390 1193 1428; x_wconf 87' lang='lat' dir='ltr'>aereisve</span> <span class='ocrx_word' id='word_1_203' title='bbox 1221 1401 1359 1439; x_wconf 85' lang='lat' dir='ltr'>cespes</span> <span class='ocrx_word' id='word_1_204' title='bbox 1388 1388 1780 1439; x_wconf 87' lang='lat' dir='ltr'>superimponebatur</span> <span class='ocrx_word' id='word_1_205' title='bbox 1806 1388 1933 1439; x_wconf 79' lang='lat' dir='ltr'>(Serv,</span> <span class='ocrx_word' id='word_1_206' title='bbox 1961 1389 2013 1426; x_wconf 87' lang='lat' dir='ltr'>ad</span> 
     </span>
     <span class='ocr_line' id='line_1_21' title="bbox 226 1451 2012 1503; baseline 0 -14"><span class='ocrx_word' id='word_1_207' title='bbox 226 1451 354 1500; x_wconf 65' lang='lat' dir='ltr'>Vir-qil.</span> <span class='ocrx_word' id='word_1_208' title='bbox 383 1452 474 1489; x_wconf 77' lang='lat' dir='ltr'>Aen.</span> <span class='ocrx_word' id='word_1_209' title='bbox 505 1453 565 1501; x_wconf 83' lang='lat'>12,</span> <span class='ocrx_word' id='word_1_210' title='bbox 588 1453 688 1501; x_wconf 88' lang='grc'>118),</span> <span class='ocrx_word' id='word_1_211' title='bbox 716 1464 855 1490; x_wconf 92' lang='lat' dir='ltr'>nomen</span> <span class='ocrx_word' id='word_1_212' title='bbox 883 1453 1073 1503; x_wconf 89' lang='lat' dir='ltr'>cespitum</span> <span class='ocrx_word' id='word_1_213' title='bbox 1100 1452 1336 1491; x_wconf 83' lang='lat' dir='ltr'>remansisse</span> <span class='ocrx_word' id='word_1_214' title='bbox 1373 1452 1509 1490; x_wconf 80' lang='lat' dir='ltr'>statuit</span> <span class='ocrx_word' id='word_1_215' title='bbox 1534 1452 1638 1491; x_wconf 83' lang='lat' dir='ltr'>vasis</span> <span class='ocrx_word' id='word_1_216' title='bbox 1665 1453 1705 1490; x_wconf 92' lang='lat' dir='ltr'>in</span> <span class='ocrx_word' id='word_1_217' title='bbox 1732 1451 1808 1490; x_wconf 88' lang='lat' dir='ltr'>aris</span> <span class='ocrx_word' id='word_1_218' title='bbox 1836 1452 2012 1502; x_wconf 87' lang='lat' dir='ltr'>focisque</span> 
     </span>
     <span class='ocr_line' id='line_1_22' title="bbox 219 1513 2015 1565; baseline 0.001 -14"><span class='ocrx_word' id='word_1_219' title='bbox 219 1513 436 1564; x_wconf 89' lang='lat' dir='ltr'>impositis,</span> <span class='ocrx_word' id='word_1_220' title='bbox 479 1526 714 1565; x_wconf 85' lang='lat' dir='ltr'>quamquam</span> <span class='ocrx_word' id='word_1_221' title='bbox 749 1527 769 1553; x_wconf 92' lang='lat' dir='ltr'>e</span> <span class='ocrx_word' id='word_1_222' title='bbox 795 1516 953 1554; x_wconf 86' lang='lat' dir='ltr'>metallo</span> <span class='ocrx_word' id='word_1_223' title='bbox 994 1521 1074 1554; x_wconf 89' lang='lat' dir='ltr'>tum</span> <span class='ocrx_word' id='word_1_224' title='bbox 1101 1516 1184 1554; x_wconf 90' lang='lat' dir='ltr'>fieri</span> <span class='ocrx_word' id='word_1_225' title='bbox 1211 1520 1517 1553; x_wconf 85' lang='lat' dir='ltr'>consueverant:</span> <span class='ocrx_word' id='word_1_226' title='bbox 1551 1515 1711 1565; x_wconf 91' lang='lat' dir='ltr'>eiusque</span> <span class='ocrx_word' id='word_1_227' title='bbox 1744 1514 1936 1564; x_wconf 90' lang='lat' dir='ltr'>opinionis</span> <span class='ocrx_word' id='word_1_228' title='bbox 1971 1518 2015 1552; x_wconf 92' lang='lat' dir='ltr'>ut</span> 
     </span>
     <span class='ocr_line' id='line_1_23' title="bbox 216 1577 2014 1629; baseline 0.001 -14"><span class='ocrx_word' id='word_1_229' title='bbox 216 1577 470 1628; x_wconf 80' lang='lat' dir='ltr'>praecipuum</span> <span class='ocrx_word' id='word_1_230' title='bbox 497 1578 767 1626; x_wconf 78' lang='lat' dir='ltr'>argumentum</span> <span class='ocrx_word' id='word_1_231' title='bbox 794 1579 907 1618; x_wconf 86' lang='lat' dir='ltr'>affert</span> <span class='ocrx_word' id='word_1_232' title='bbox 934 1591 982 1617; x_wconf 90' lang='lat' dir='ltr'>ea</span> <span class='ocrx_word' id='word_1_233' title='bbox 1006 1579 1096 1629; x_wconf 87' lang='lat' dir='ltr'>ipsa</span> <span class='ocrx_word' id='word_1_234' title='bbox 1131 1578 1250 1617; x_wconf 89' lang='lat' dir='ltr'>verba</span> <span class='ocrx_word' id='word_1_235' title='bbox 1285 1578 1334 1616; x_wconf 92' lang='lat' dir='ltr'>de</span> <span class='ocrx_word' id='word_1_236' title='bbox 1363 1578 1504 1628; x_wconf 89' lang='lat' dir='ltr'>quibus</span> <span class='ocrx_word' id='word_1_237' title='bbox 1538 1579 1707 1628; x_wconf 86' lang='lat' dir='ltr'>agimus,</span> <span class='ocrx_word' id='word_1_238' title='bbox 1741 1577 2014 1627; x_wconf 86' lang='lat' dir='ltr'>coniungenda</span> 
     </span>
     <span class='ocr_line' id='line_1_24' title="bbox 217 1641 2012 1692; baseline 0.001 -15"><span class='ocrx_word' id='word_1_239' title='bbox 217 1650 305 1678; x_wconf 88' lang='lat' dir='ltr'>esse</span> <span class='ocrx_word' id='word_1_240' title='bbox 332 1645 440 1679; x_wconf 88' lang='lat' dir='ltr'>ratus</span> <span class='ocrx_word' id='word_1_241' title='bbox 468 1647 636 1691; x_wconf 74' lang='lat' dir='ltr'>arqenteo</span> <span class='ocrx_word' id='word_1_242' title='bbox 665 1644 706 1679; x_wconf 88' lang='lat' dir='ltr'>et</span> <span class='ocrx_word' id='word_1_243' title='bbox 731 1645 869 1692; x_wconf 74' lang='lat' dir='ltr'>cespite.</span> <span class='ocrx_word' id='word_1_244' title='bbox 922 1644 979 1681; x_wconf 89' lang='lat' dir='ltr'>At</span> <span class='ocrx_word' id='word_1_245' title='bbox 1004 1642 1098 1680; x_wconf 83' lang='lat' dir='ltr'>mihi</span> <span class='ocrx_word' id='word_1_246' title='bbox 1123 1641 1366 1692; x_wconf 85' lang='lat' dir='ltr'>probabilius</span> <span class='ocrx_word' id='word_1_247' title='bbox 1395 1646 1456 1680; x_wconf 91' lang='lat' dir='ltr'>est</span> <span class='ocrx_word' id='word_1_248' title='bbox 1483 1642 1757 1692; x_wconf 85' lang='lat' dir='ltr'>coniungenda</span> <span class='ocrx_word' id='word_1_249' title='bbox 1775 1653 1864 1680; x_wconf 90' lang='lat' dir='ltr'>esse</span> <span class='ocrx_word' id='word_1_250' title='bbox 1882 1642 2012 1691; x_wconf 84' lang='lat' dir='ltr'>foculo</span> 
     </span>
     <span class='ocr_line' id='line_1_25' title="bbox 219 1703 2014 1755; baseline 0.001 -15"><span class='ocrx_word' id='word_1_251' title='bbox 219 1709 401 1753; x_wconf 70' lang='lat' dir='ltr'>arqenteo,</span> <span class='ocrx_word' id='word_1_252' title='bbox 429 1704 617 1754; x_wconf 83' lang='lat' dir='ltr'>cespitem</span> <span class='ocrx_word' id='word_1_253' title='bbox 643 1708 788 1754; x_wconf 83' lang='lat' dir='ltr'>autem,</span> <span class='ocrx_word' id='word_1_254' title='bbox 816 1717 894 1755; x_wconf 92' lang='lat' dir='ltr'>quo</span> <span class='ocrx_word' id='word_1_255' title='bbox 920 1705 1074 1744; x_wconf 89' lang='lat' dir='ltr'>foculus</span> <span class='ocrx_word' id='word_1_256' title='bbox 1102 1705 1326 1754; x_wconf 87' lang='lat' dir='ltr'>ornabatur,</span> <span class='ocrx_word' id='word_1_257' title='bbox 1353 1705 1595 1753; x_wconf 82' lang='lat' dir='ltr'>gramineum</span> <span class='ocrx_word' id='word_1_258' title='bbox 1612 1705 1751 1743; x_wconf 89' lang='lat' dir='ltr'>fuisse:</span> <span class='ocrx_word' id='word_1_259' title='bbox 1778 1705 1819 1743; x_wconf 91' lang='lat' dir='ltr'>id</span> <span class='ocrx_word' id='word_1_260' title='bbox 1837 1704 1944 1755; x_wconf 90' lang='lat' dir='ltr'>quod</span> <span class='ocrx_word' id='word_1_261' title='bbox 1963 1703 2014 1742; x_wconf 91' lang='lat' dir='ltr'>ad</span> 
     </span>
     <span class='ocr_line' id='line_1_26' title="bbox 218 1766 2012 1819; baseline 0.001 -16"><span class='ocrx_word' id='word_1_262' title='bbox 218 1769 392 1804; x_wconf 85' lang='lat' dir='ltr'>vetustas</span> <span class='ocrx_word' id='word_1_263' title='bbox 420 1767 677 1806; x_wconf 86' lang='lat' dir='ltr'>caerimonias</span> <span class='ocrx_word' id='word_1_264' title='bbox 706 1769 914 1806; x_wconf 87' lang='lat' dir='ltr'>Arvalium</span> <span class='ocrx_word' id='word_1_265' title='bbox 947 1768 1092 1818; x_wconf 87' lang='lat' dir='ltr'>optime</span> <span class='ocrx_word' id='word_1_266' title='bbox 1128 1769 1326 1817; x_wconf 81' lang='lat' dir='ltr'>couvenit3</span> <span class='ocrx_word' id='word_1_267' title='bbox 1360 1780 1432 1807; x_wconf 92' lang='lat' dir='ltr'>nec</span> <span class='ocrx_word' id='word_1_268' title='bbox 1467 1768 1602 1806; x_wconf 89' lang='lat' dir='ltr'>obstat</span> <span class='ocrx_word' id='word_1_269' title='bbox 1634 1768 1739 1819; x_wconf 89' lang='lat' dir='ltr'>quod</span> <span class='ocrx_word' id='word_1_270' title='bbox 1765 1766 2012 1818; x_wconf 89' lang='lat' dir='ltr'>postmodum</span> 
     </span>
     <span class='ocr_line' id='line_1_27' title="bbox 218 1830 2011 1881; baseline 0.001 -15"><span class='ocrx_word' id='word_1_271' title='bbox 218 1832 260 1868; x_wconf 79' lang='lat' dir='ltr'>in</span> <span class='ocrx_word' id='word_1_272' title='bbox 284 1830 412 1879; x_wconf 67' lang='lat' dir='ltr'>cespite</span> <span class='ocrx_word' id='word_1_273' title='bbox 438 1831 703 1880; x_wconf 88' lang='lat' dir='ltr'>promagister</span> <span class='ocrx_word' id='word_1_274' title='bbox 729 1835 767 1870; x_wconf 91' lang='lat' dir='ltr'>et</span> <span class='ocrx_word' id='word_1_275' title='bbox 794 1830 934 1869; x_wconf 88' lang='lat' dir='ltr'>flamen</span> <span class='ocrx_word' id='word_1_276' title='bbox 973 1843 1126 1871; x_wconf 87' lang='lat' dir='ltr'>sacrum</span> <span class='ocrx_word' id='word_1_277' title='bbox 1162 1832 1339 1870; x_wconf 89' lang='lat' dir='ltr'>fecerunt</span> <span class='ocrx_word' id='word_1_278' title='bbox 1366 1830 1431 1880; x_wconf 89' lang='lat' dir='ltr'>(cf.</span> <span class='ocrx_word' id='word_1_279' title='bbox 1458 1831 1586 1881; x_wconf 88' lang='lat' dir='ltr'>infra),</span> <span class='ocrx_word' id='word_1_280' title='bbox 1614 1843 1700 1870; x_wconf 90' lang='lat' dir='ltr'>cum</span> <span class='ocrx_word' id='word_1_281' title='bbox 1729 1843 1775 1869; x_wconf 92' lang='lat' dir='ltr'>eo</span> <span class='ocrx_word' id='word_1_282' title='bbox 1801 1831 1888 1869; x_wconf 91' lang='lat' dir='ltr'>loco</span> <span class='ocrx_word' id='word_1_283' title='bbox 1915 1830 2011 1868; x_wconf 86' lang='lat' dir='ltr'>iudi-</span> 
     </span>
     <span class='ocr_line' id='line_1_28' title="bbox 217 1893 915 1945; baseline 0.004 -15"><span class='ocrx_word' id='word_1_284' title='bbox 217 1894 331 1931; x_wconf 86' lang='lat' dir='ltr'>catus</span> <span class='ocrx_word' id='word_1_285' title='bbox 358 1904 446 1931; x_wconf 90' lang='lat' dir='ltr'>esse</span> <span class='ocrx_word' id='word_1_286' title='bbox 472 1893 600 1943; x_wconf 87' lang='lat' dir='ltr'>possit</span> <span class='ocrx_word' id='word_1_287' title='bbox 627 1895 735 1933; x_wconf 85' lang='lat' dir='ltr'>vivus</span> <span class='ocrx_word' id='word_1_288' title='bbox 763 1907 915 1945; x_wconf 85' lang='lat' dir='ltr'>cespes.</span> 
     </span>
     <span class='ocr_line' id='line_1_29' title="bbox 152 1955 2010 2012; baseline 0.002 -19"><span class='ocrx_word' id='word_1_289' title='bbox 152 2005 157 2012; x_wconf 76' lang='lat'>.</span> <span class='ocrx_word' id='word_1_290' title='bbox 316 1955 501 1995; x_wconf 88' lang='lat' dir='ltr'>Redditis</span> <span class='ocrx_word' id='word_1_291' title='bbox 530 1957 630 1995; x_wconf 89' lang='lat' dir='ltr'>extis</span> <span class='ocrx_word' id='word_1_292' title='bbox 660 1958 831 1997; x_wconf 80' lang='lat' dir='ltr'>vaccinis</span> <span class='ocrx_word' id='word_1_293' title='bbox 863 1958 1001 1995; x_wconf 90' lang='lat' dir='ltr'>iterum</span> <span class='ocrx_word' id='word_1_294' title='bbox 1034 1956 1073 1995; x_wconf 89' lang='lat' dir='ltr'>in</span> <span class='ocrx_word' id='word_1_295' title='bbox 1106 1957 1352 2008; x_wconf 85' lang='lat' dir='ltr'>tetrastylum</span> <span class='ocrx_word' id='word_1_296' title='bbox 1388 1968 1570 1995; x_wconf 89' lang='lat' dir='ltr'>reversus</span> <span class='ocrx_word' id='word_1_297' title='bbox 1603 1957 1794 2006; x_wconf 88' lang='lat' dir='ltr'>magister</span> <span class='ocrx_word' id='word_1_298' title='bbox 1826 1958 1889 1996; x_wconf 86' lang='lat' dir='ltr'>vel</span> <span class='ocrx_word' id='word_1_299' title='bbox 1922 1969 2010 2008; x_wconf 87' lang='lat' dir='ltr'>pro—</span> 
     </span>
     <span class='ocr_line' id='line_1_30' title="bbox 216 2018 2011 2070; baseline 0.002 -15"><span class='ocrx_word' id='word_1_300' title='bbox 216 2018 403 2067; x_wconf 87' lang='lat' dir='ltr'>magister</span> <span class='ocrx_word' id='word_1_301' title='bbox 426 2019 467 2057; x_wconf 92' lang='lat' dir='ltr'>in</span> <span class='ocrx_word' id='word_1_302' title='bbox 493 2019 631 2058; x_wconf 86' lang='lat' dir='ltr'>codice</span> <span class='ocrx_word' id='word_1_303' title='bbox 660 2021 765 2059; x_wconf 88' lang='lat' dir='ltr'>eavit</span> <span class='ocrx_word' id='word_1_304' title='bbox 792 2033 834 2059; x_wconf 92' lang='lat' dir='ltr'>se</span> <span class='ocrx_word' id='word_1_305' title='bbox 864 2032 1018 2059; x_wconf 86' lang='lat' dir='ltr'>sacrum</span> <span class='ocrx_word' id='word_1_306' title='bbox 1051 2020 1216 2068; x_wconf 80' lang='lat' dir='ltr'>fecisse3</span> <span class='ocrx_word' id='word_1_307' title='bbox 1253 2019 1394 2058; x_wconf 90' lang='lat' dir='ltr'>deinde</span> <span class='ocrx_word' id='word_1_308' title='bbox 1431 2019 1612 2069; x_wconf 88' lang='lat' dir='ltr'>deposita</span> <span class='ocrx_word' id='word_1_309' title='bbox 1644 2024 1852 2069; x_wconf 85' lang='lat' dir='ltr'>praetexta</span> <span class='ocrx_word' id='word_1_310' title='bbox 1876 2021 1916 2058; x_wconf 90' lang='lat' dir='ltr'>iu</span> <span class='ocrx_word' id='word_1_311' title='bbox 1942 2033 2011 2070; x_wconf 83' lang='lat' dir='ltr'>pa-</span> 
     </span>
     <span class='ocr_line' id='line_1_31' title="bbox 216 2079 2010 2133; baseline 0.002 -15"><span class='ocrx_word' id='word_1_312' title='bbox 216 2079 401 2129; x_wconf 90' lang='lat' dir='ltr'>pilionem</span> <span class='ocrx_word' id='word_1_313' title='bbox 428 2094 537 2120; x_wconf 91' lang='lat' dir='ltr'>suum</span> <span class='ocrx_word' id='word_1_314' title='bbox 565 2083 736 2121; x_wconf 85' lang='lat' dir='ltr'>revertit.</span> <span class='ocrx_word' id='word_1_315' title='bbox 774 2082 963 2123; x_wconf 85' lang='lat' dir='ltr'>Similiter</span> <span class='ocrx_word' id='word_1_316' title='bbox 988 2087 1098 2121; x_wconf 89' lang='lat' dir='ltr'>notat</span> <span class='ocrx_word' id='word_1_317' title='bbox 1117 2082 1310 2121; x_wconf 85' lang='lat' dir='ltr'>Marinius</span> <span class='ocrx_word' id='word_1_318' title='bbox 1337 2081 1393 2133; x_wconf 88' lang='lat' dir='ltr'>(p.</span> <span class='ocrx_word' id='word_1_319' title='bbox 1413 2083 1504 2131; x_wconf 85' lang='lat'>586)</span> <span class='ocrx_word' id='word_1_320' title='bbox 1532 2083 1758 2121; x_wconf 88' lang='lat' dir='ltr'>sacerdotes</span> <span class='ocrx_word' id='word_1_321' title='bbox 1777 2083 2010 2123; x_wconf 88' lang='lat' dir='ltr'>christianos</span> 
     </span>
     <span class='ocr_line' id='line_1_32' title="bbox 218 2142 2033 2197; baseline 0.003 -16"><span class='ocrx_word' id='word_1_322' title='bbox 218 2142 408 2183; x_wconf 87' lang='lat' dir='ltr'>sacrificio</span> <span class='ocrx_word' id='word_1_323' title='bbox 435 2145 695 2185; x_wconf 86' lang='lat' dir='ltr'>eucharistico</span> <span class='ocrx_word' id='word_1_324' title='bbox 722 2150 885 2197; x_wconf 86' lang='lat' dir='ltr'>peracto</span> <span class='ocrx_word' id='word_1_325' title='bbox 904 2157 946 2184; x_wconf 89' lang='lat' dir='ltr'>se</span> <span class='ocrx_word' id='word_1_326' title='bbox 966 2152 1118 2184; x_wconf 86' lang='lat' dir='ltr'>sacrum</span> <span class='ocrx_word' id='word_1_327' title='bbox 1145 2145 1287 2184; x_wconf 86' lang='lat' dir='ltr'>fecisse</span> <span class='ocrx_word' id='word_1_328' title='bbox 1315 2157 1454 2184; x_wconf 87' lang='lat' dir='ltr'>cavere</span> <span class='ocrx_word' id='word_1_329' title='bbox 1474 2146 1623 2184; x_wconf 92' lang='lat' dir='ltr'>solitos.</span> <span class='ocrx_word' id='word_1_330' title='bbox 1640 2169 1684 2174; x_wconf 86' lang='lat'>-—</span> <span class='ocrx_word' id='word_1_331' title='bbox 1704 2147 1912 2196; x_wconf 87' lang='lat' dir='ltr'>Papilione</span> <span class='ocrx_word' id='word_1_332' title='bbox 1931 2159 2010 2186; x_wconf 86' lang='lat' dir='ltr'>ma·</span> <span class='ocrx_word' id='word_1_333' title='bbox 2030 2187 2033 2190; x_wconf 16' lang='grc' dir='ltr'><em>Α</em></span> 
     </span>
     <span class='ocr_line' id='line_1_33' title="bbox 216 2206 2011 2260; baseline 0.002 -15"><span class='ocrx_word' id='word_1_334' title='bbox 216 2206 379 2255; x_wconf 82' lang='lat' dir='ltr'>gistrum</span> <span class='ocrx_word' id='word_1_335' title='bbox 405 2220 518 2247; x_wconf 91' lang='lat' dir='ltr'>usum</span> <span class='ocrx_word' id='word_1_336' title='bbox 543 2220 630 2248; x_wconf 88' lang='lat' dir='ltr'>esse</span> <span class='ocrx_word' id='word_1_337' title='bbox 658 2221 708 2248; x_wconf 90' lang='lat' dir='ltr'>ex</span> <span class='ocrx_word' id='word_1_338' title='bbox 736 2210 821 2248; x_wconf 91' lang='lat' dir='ltr'>solo</span> <span class='ocrx_word' id='word_1_339' title='bbox 847 2209 922 2247; x_wconf 88' lang='lat' dir='ltr'>hoc</span> <span class='ocrx_word' id='word_1_340' title='bbox 947 2209 1037 2248; x_wconf 90' lang='lat' dir='ltr'>loco</span> <span class='ocrx_word' id='word_1_341' title='bbox 1064 2212 1241 2247; x_wconf 90' lang='lat' dir='ltr'>actorum</span> <span class='ocrx_word' id='word_1_342' title='bbox 1267 2209 1544 2259; x_wconf 87' lang='lat' dir='ltr'>comperimus:</span> <span class='ocrx_word' id='word_1_343' title='bbox 1571 2219 1619 2246; x_wconf 88' lang='lat' dir='ltr'>ne</span> <span class='ocrx_word' id='word_1_344' title='bbox 1647 2209 1820 2259; x_wconf 86' lang='lat' dir='ltr'>collegas</span> <span class='ocrx_word' id='word_1_345' title='bbox 1855 2209 2011 2260; x_wconf 89' lang='lat' dir='ltr'>quidem</span> 
     </span>
     <span class='ocr_line' id='line_1_34' title="bbox 217 2269 2010 2322; baseline 0.002 -15"><span class='ocrx_word' id='word_1_346' title='bbox 217 2269 297 2308; x_wconf 89' lang='lat' dir='ltr'>suis</span> <span class='ocrx_word' id='word_1_347' title='bbox 324 2270 588 2320; x_wconf 87' lang='lat' dir='ltr'>papilionibus</span> <span class='ocrx_word' id='word_1_348' title='bbox 619 2274 794 2311; x_wconf 87' lang='lat' dir='ltr'>caruisse</span> <span class='ocrx_word' id='word_1_349' title='bbox 821 2271 1052 2310; x_wconf 87' lang='lat' dir='ltr'>crediderim</span> <span class='ocrx_word' id='word_1_350' title='bbox 1081 2272 1282 2322; x_wconf 85' lang='lat' dir='ltr'>(Marinius</span> <span class='ocrx_word' id='word_1_351' title='bbox 1308 2272 1333 2310; x_wconf 93' lang='lat'>1.</span> <span class='ocrx_word' id='word_1_352' title='bbox 1351 2273 1420 2321; x_wconf 87' lang='lat' dir='ltr'>c.)‚</span> <span class='ocrx_word' id='word_1_353' title='bbox 1458 2283 1545 2310; x_wconf 91' lang='lat' dir='ltr'>cum</span> <span class='ocrx_word' id='word_1_354' title='bbox 1578 2283 1696 2310; x_wconf 86' lang='lat' dir='ltr'>veruo</span> <span class='ocrx_word' id='word_1_355' title='bbox 1732 2271 1815 2310; x_wconf 91' lang='lat' dir='ltr'>sole</span> <span class='ocrx_word' id='word_1_356' title='bbox 1849 2271 2010 2311; x_wconf 90' lang='lat' dir='ltr'>ardente</span> 
     </span>
     <span class='ocr_line' id='line_1_35' title="bbox 216 2331 1231 2385; baseline 0.003 -16"><span class='ocrx_word' id='word_1_357' title='bbox 216 2331 407 2382; x_wconf 83' lang='lat' dir='ltr'>integrum</span> <span class='ocrx_word' id='word_1_358' title='bbox 431 2346 555 2385; x_wconf 89' lang='lat' dir='ltr'>prope</span> <span class='ocrx_word' id='word_1_359' title='bbox 583 2335 684 2374; x_wconf 89' lang='lat' dir='ltr'>diem</span> <span class='ocrx_word' id='word_1_360' title='bbox 712 2336 750 2373; x_wconf 93' lang='lat' dir='ltr'>in</span> <span class='ocrx_word' id='word_1_361' title='bbox 776 2336 865 2373; x_wconf 88' lang='lat' dir='ltr'>luco</span> <span class='ocrx_word' id='word_1_362' title='bbox 893 2339 1231 2374; x_wconf 89' lang='lat' dir='ltr'>commorarentur.</span> 
     </span>
    </p>

    <p class='ocr_par' dir='ltr' id='par_1_4' title="bbox 214 2396 2012 3331">
     <span class='ocr_line' id='line_1_36' title="bbox 319 2396 2010 2448; baseline 0.001 -14"><span class='ocrx_word' id='word_1_363' title='bbox 319 2397 373 2434; x_wconf 86' lang='lat' dir='ltr'>Et</span> <span class='ocrx_word' id='word_1_364' title='bbox 399 2396 601 2448; x_wconf 90' lang='lat' dir='ltr'>hucusque</span> <span class='ocrx_word' id='word_1_365' title='bbox 629 2399 736 2436; x_wconf 88' lang='lat' dir='ltr'>solus</span> <span class='ocrx_word' id='word_1_366' title='bbox 765 2399 954 2448; x_wconf 88' lang='lat' dir='ltr'>magister</span> <span class='ocrx_word' id='word_1_367' title='bbox 981 2399 1043 2441; x_wconf 82' lang='lat' dir='ltr'>vel</span> <span class='ocrx_word' id='word_1_368' title='bbox 1068 2397 1332 2447; x_wconf 88' lang='lat' dir='ltr'>promagister</span> <span class='ocrx_word' id='word_1_369' title='bbox 1359 2397 1396 2436; x_wconf 88' lang='lat' dir='ltr'>in</span> <span class='ocrx_word' id='word_1_370' title='bbox 1414 2397 1513 2436; x_wconf 86' lang='lat' dir='ltr'>actis</span> <span class='ocrx_word' id='word_1_371' title='bbox 1532 2404 1867 2447; x_wconf 87' lang='lat' dir='ltr'>commemoratur,</span> <span class='ocrx_word' id='word_1_372' title='bbox 1887 2398 2010 2436; x_wconf 89' lang='lat' dir='ltr'>solus-</span> 
     </span>
     <span class='ocr_line' id='line_1_37' title="bbox 216 2458 2010 2511; baseline 0.003 -16"><span class='ocrx_word' id='word_1_373' title='bbox 216 2469 292 2507; x_wconf 88' lang='lat' dir='ltr'>que</span> <span class='ocrx_word' id='word_1_374' title='bbox 319 2458 474 2498; x_wconf 81' lang='lat' dir='ltr'>videtur</span> <span class='ocrx_word' id='word_1_375' title='bbox 499 2466 538 2499; x_wconf 89' lang='lat' dir='ltr'>et</span> <span class='ocrx_word' id='word_1_376' title='bbox 565 2473 707 2511; x_wconf 90' lang='lat' dir='ltr'>porcas</span> <span class='ocrx_word' id='word_1_377' title='bbox 733 2461 954 2500; x_wconf 87' lang='lat' dir='ltr'>immolasse</span> <span class='ocrx_word' id='word_1_378' title='bbox 982 2466 1021 2500; x_wconf 89' lang='lat' dir='ltr'>et</span> <span class='ocrx_word' id='word_1_379' title='bbox 1048 2473 1220 2500; x_wconf 85' lang='lat' dir='ltr'>vaccam.</span> <span class='ocrx_word' id='word_1_380' title='bbox 1259 2460 1538 2498; x_wconf 86' lang='lat' dir='ltr'>Convenerant</span> <span class='ocrx_word' id='word_1_381' title='bbox 1554 2465 1684 2499; x_wconf 86' lang='lat' dir='ltr'>autem</span> <span class='ocrx_word' id='word_1_382' title='bbox 1703 2460 1851 2500; x_wconf 86' lang='lat' dir='ltr'>interea</span> <span class='ocrx_word' id='word_1_383' title='bbox 1870 2461 2010 2500; x_wconf 86' lang='lat' dir='ltr'>fratres</span> 
     </span>
     <span class='ocr_line' id='line_1_38' title="bbox 215 2521 2009 2575; baseline 0.002 -17"><span class='ocrx_word' id='word_1_384' title='bbox 215 2521 449 2570; x_wconf 87' lang='lat' dir='ltr'>promeridie</span> <span class='ocrx_word' id='word_1_385' title='bbox 477 2524 583 2573; x_wconf 88' lang='grc'>(218)</span> <span class='ocrx_word' id='word_1_386' title='bbox 611 2524 863 2575; x_wconf 82' lang='lat' dir='ltr'>acceptisque</span> <span class='ocrx_word' id='word_1_387' title='bbox 898 2525 1112 2574; x_wconf 84' lang='lat' dir='ltr'>praetextis</span> <span class='ocrx_word' id='word_1_388' title='bbox 1147 2524 1186 2561; x_wconf 88' lang='lat' dir='ltr'>in</span> <span class='ocrx_word' id='word_1_389' title='bbox 1218 2524 1464 2572; x_wconf 84' lang='lat' dir='ltr'>tetrastylum</span> <span class='ocrx_word' id='word_1_390' title='bbox 1498 2535 1540 2561; x_wconf 86' lang='lat' dir='ltr'>se</span> <span class='ocrx_word' id='word_1_391' title='bbox 1576 2524 1821 2562; x_wconf 84' lang='lat' dir='ltr'>coutulerunt</span> <span class='ocrx_word' id='word_1_392' title='bbox 1855 2528 1895 2561; x_wconf 89' lang='lat' dir='ltr'>et</span> <span class='ocrx_word' id='word_1_393' title='bbox 1921 2525 2009 2563; x_wconf 81' lang='lat' dir='ltr'>sub-</span> 
     </span>
     <span class='ocr_line' id='line_1_39' title="bbox 216 2584 2010 2637; baseline 0.002 -16"><span class='ocrx_word' id='word_1_394' title='bbox 216 2584 325 2622; x_wconf 87' lang='lat' dir='ltr'>sellis</span> <span class='ocrx_word' id='word_1_395' title='bbox 353 2586 620 2625; x_wconf 87' lang='lat' dir='ltr'>consederunt</span> <span class='ocrx_word' id='word_1_396' title='bbox 645 2591 687 2625; x_wconf 89' lang='lat' dir='ltr'>et</span> <span class='ocrx_word' id='word_1_397' title='bbox 712 2592 901 2625; x_wconf 89' lang='lat' dir='ltr'>caverunt</span> <span class='ocrx_word' id='word_1_398' title='bbox 933 2599 975 2625; x_wconf 90' lang='lat' dir='ltr'>se</span> <span class='ocrx_word' id='word_1_399' title='bbox 1011 2587 1185 2626; x_wconf 87' lang='lat' dir='ltr'>adfuisse</span> <span class='ocrx_word' id='word_1_400' title='bbox 1220 2592 1260 2624; x_wconf 88' lang='lat' dir='ltr'>et</span> <span class='ocrx_word' id='word_1_401' title='bbox 1288 2597 1443 2624; x_wconf 89' lang='lat' dir='ltr'>sacrum</span> <span class='ocrx_word' id='word_1_402' title='bbox 1477 2586 1618 2624; x_wconf 85' lang='lat' dir='ltr'>fecisse</span> <span class='ocrx_word' id='word_1_403' title='bbox 1647 2592 1686 2624; x_wconf 90' lang='lat' dir='ltr'>et</span> <span class='ocrx_word' id='word_1_404' title='bbox 1711 2588 1899 2636; x_wconf 87' lang='lat' dir='ltr'>porcilias</span> <span class='ocrx_word' id='word_1_405' title='bbox 1926 2588 2010 2637; x_wconf 84' lang='lat' dir='ltr'>pia-</span> 
     </span>
     <span class='ocr_line' id='line_1_40' title="bbox 217 2647 2012 2699; baseline 0.001 -14"><span class='ocrx_word' id='word_1_406' title='bbox 217 2647 369 2686; x_wconf 73' lang='lat' dir='ltr'>culares</span> <span class='ocrx_word' id='word_1_407' title='bbox 397 2650 547 2699; x_wconf 85' lang='lat' dir='ltr'>epulati</span> <span class='ocrx_word' id='word_1_408' title='bbox 574 2654 666 2688; x_wconf 89' lang='lat' dir='ltr'>sunt</span> <span class='ocrx_word' id='word_1_409' title='bbox 692 2654 730 2688; x_wconf 93' lang='lat' dir='ltr'>et</span> <span class='ocrx_word' id='word_1_410' title='bbox 759 2650 998 2699; x_wconf 87' lang='lat' dir='ltr'>sanguinem.</span> <span class='ocrx_word' id='word_1_411' title='bbox 1037 2650 1225 2690; x_wconf 85' lang='lat' dir='ltr'>Similiter</span> <span class='ocrx_word' id='word_1_412' title='bbox 1250 2649 1291 2686; x_wconf 92' lang='lat' dir='ltr'>in</span> <span class='ocrx_word' id='word_1_413' title='bbox 1310 2649 1410 2687; x_wconf 85' lang='lat' dir='ltr'>actis</span> <span class='ocrx_word' id='word_1_414' title='bbox 1430 2661 1463 2686; x_wconf 91' lang='lat' dir='ltr'>a.</span> <span class='ocrx_word' id='word_1_415' title='bbox 1482 2650 1557 2686; x_wconf 82' lang='lat'>213</span> <span class='ocrx_word' id='word_1_416' title='bbox 1578 2649 1803 2688; x_wconf 86' lang='lat' dir='ltr'>sacerdotes</span> <span class='ocrx_word' id='word_1_417' title='bbox 1830 2649 2012 2688; x_wconf 89' lang='lat' dir='ltr'>dicuntur</span> 
     </span>
     <span class='ocr_line' id='line_1_41' title="bbox 215 2709 2012 2763; baseline 0.001 -15"><span class='ocrx_word' id='word_1_418' title='bbox 215 2709 254 2748; x_wconf 91' lang='lat' dir='ltr'>in</span> <span class='ocrx_word' id='word_1_419' title='bbox 280 2712 487 2762; x_wconf 82' lang='lat' dir='ltr'>tetrastylo</span> <span class='ocrx_word' id='word_1_420' title='bbox 514 2713 750 2763; x_wconf 80' lang='lat' dir='ltr'>praetextati</span> <span class='ocrx_word' id='word_1_421' title='bbox 776 2713 1005 2752; x_wconf 87' lang='lat' dir='ltr'>consedisse</span> <span class='ocrx_word' id='word_1_422' title='bbox 1032 2718 1071 2751; x_wconf 90' lang='lat' dir='ltr'>et</span> <span class='ocrx_word' id='word_1_423' title='bbox 1096 2712 1282 2763; x_wconf 87' lang='lat' dir='ltr'>porcilias</span> <span class='ocrx_word' id='word_1_424' title='bbox 1310 2712 1534 2762; x_wconf 87' lang='lat' dir='ltr'>piaculares</span> <span class='ocrx_word' id='word_1_425' title='bbox 1562 2712 1710 2762; x_wconf 88' lang='lat' dir='ltr'>epulati</span> <span class='ocrx_word' id='word_1_426' title='bbox 1737 2725 1837 2761; x_wconf 91' lang='lat' dir='ltr'>esse,</span> <span class='ocrx_word' id='word_1_427' title='bbox 1866 2712 1914 2751; x_wconf 90' lang='lat' dir='ltr'>de</span> <span class='ocrx_word' id='word_1_428' title='bbox 1934 2725 2012 2762; x_wconf 86' lang='lat' dir='ltr'>qua</span> 
     </span>
     <span class='ocr_line' id='line_1_42' title="bbox 216 2772 2008 2825; baseline 0.002 -15"><span class='ocrx_word' id='word_1_429' title='bbox 216 2778 256 2810; x_wconf 85' lang='lat' dir='ltr'>re</span> <span class='ocrx_word' id='word_1_430' title='bbox 282 2772 374 2811; x_wconf 89' lang='lat' dir='ltr'>inde</span> <span class='ocrx_word' id='word_1_431' title='bbox 401 2774 453 2813; x_wconf 84' lang='lat' dir='ltr'>ab</span> <span class='ocrx_word' id='word_1_432' title='bbox 481 2787 582 2814; x_wconf 87' lang='lat' dir='ltr'>anno</span> <span class='ocrx_word' id='word_1_433' title='bbox 610 2777 657 2814; x_wconf 89' lang='lat'>81</span> <span class='ocrx_word' id='word_1_434' title='bbox 688 2779 777 2814; x_wconf 86' lang='lat' dir='ltr'>acta</span> <span class='ocrx_word' id='word_1_435' title='bbox 803 2775 960 2813; x_wconf 87' lang='lat' dir='ltr'>brevius</span> <span class='ocrx_word' id='word_1_436' title='bbox 987 2776 1042 2814; x_wconf 85' lang='lat' dir='ltr'>ita</span> <span class='ocrx_word' id='word_1_437' title='bbox 1067 2776 1255 2824; x_wconf 80' lang='lat' dir='ltr'>referunt,</span> <span class='ocrx_word' id='word_1_438' title='bbox 1281 2775 1379 2813; x_wconf 86' lang='lat' dir='ltr'>utin</span> <span class='ocrx_word' id='word_1_439' title='bbox 1399 2776 1607 2825; x_wconf 83' lang='lat' dir='ltr'>tetrastylo</span> <span class='ocrx_word' id='word_1_440' title='bbox 1626 2787 1675 2813; x_wconf 85' lang='lat' dir='ltr'>ex</span> <span class='ocrx_word' id='word_1_441' title='bbox 1703 2776 1895 2814; x_wconf 85' lang='lat' dir='ltr'>sacrificio</span> <span class='ocrx_word' id='word_1_442' title='bbox 1922 2787 2008 2814; x_wconf 86' lang='lat' dir='ltr'>nar·</span> 
     </span>
     <span class='ocr_line' id='line_1_43' title="bbox 214 2837 2009 2888; baseline 0.003 -16"><span class='ocrx_word' id='word_1_443' title='bbox 214 2840 302 2874; x_wconf 87' lang='lat' dir='ltr'>rent</span> <span class='ocrx_word' id='word_1_444' title='bbox 328 2847 397 2874; x_wconf 88' lang='lat' dir='ltr'>eos</span> <span class='ocrx_word' id='word_1_445' title='bbox 428 2838 609 2888; x_wconf 83' lang='lat' dir='ltr'>epulatos</span> <span class='ocrx_word' id='word_1_446' title='bbox 635 2850 735 2876; x_wconf 89' lang='lat' dir='ltr'>esse.</span> <span class='ocrx_word' id='word_1_447' title='bbox 770 2837 1016 2888; x_wconf 78' lang='lat' dir='ltr'>Quamquam</span> <span class='ocrx_word' id='word_1_448' title='bbox 1044 2843 1173 2878; x_wconf 87' lang='lat' dir='ltr'>autem</span> <span class='ocrx_word' id='word_1_449' title='bbox 1193 2838 1242 2876; x_wconf 92' lang='lat' dir='ltr'>de</span> <span class='ocrx_word' id='word_1_450' title='bbox 1270 2839 1459 2887; x_wconf 82' lang='lat' dir='ltr'>magistro</span> <span class='ocrx_word' id='word_1_451' title='bbox 1486 2839 1796 2888; x_wconf 87' lang='lat' dir='ltr'>promagistrove</span> <span class='ocrx_word' id='word_1_452' title='bbox 1826 2851 1871 2877; x_wconf 90' lang='lat' dir='ltr'>ac</span> <span class='ocrx_word' id='word_1_453' title='bbox 1891 2839 2009 2877; x_wconf 87' lang='lat' dir='ltr'>colle-</span> 
     </span>
     <span class='ocr_line' id='line_1_44' title="bbox 217 2897 2009 2952; baseline 0.002 -17"><span class='ocrx_word' id='word_1_454' title='bbox 217 2897 276 2946; x_wconf 88' lang='lat' dir='ltr'>gis</span> <span class='ocrx_word' id='word_1_455' title='bbox 305 2898 518 2948; x_wconf 86' lang='lat' dir='ltr'>separatim</span> <span class='ocrx_word' id='word_1_456' title='bbox 543 2899 584 2937; x_wconf 91' lang='lat' dir='ltr'>in</span> <span class='ocrx_word' id='word_1_457' title='bbox 611 2904 702 2939; x_wconf 86' lang='lat' dir='ltr'>acta</span> <span class='ocrx_word' id='word_1_458' title='bbox 729 2900 907 2949; x_wconf 78' lang='lat' dir='ltr'>refertur,</span> <span class='ocrx_word' id='word_1_459' title='bbox 933 2900 1056 2951; x_wconf 89' lang='lat' dir='ltr'>epulis</span> <span class='ocrx_word' id='word_1_460' title='bbox 1082 2901 1190 2940; x_wconf 91' lang='lat' dir='ltr'>illum</span> <span class='ocrx_word' id='word_1_461' title='bbox 1217 2912 1373 2952; x_wconf 89' lang='lat' dir='ltr'>quoque</span> <span class='ocrx_word' id='word_1_462' title='bbox 1400 2901 1573 2939; x_wconf 83' lang='lat' dir='ltr'>adfuisse</span> <span class='ocrx_word' id='word_1_463' title='bbox 1593 2901 1768 2950; x_wconf 86' lang='lat' dir='ltr'>dixerim,</span> <span class='ocrx_word' id='word_1_464' title='bbox 1796 2913 1882 2940; x_wconf 89' lang='lat' dir='ltr'>cum</span> <span class='ocrx_word' id='word_1_465' title='bbox 1910 2912 2009 2951; x_wconf 87' lang='lat' dir='ltr'>quae</span> 
     </span>
     <span class='ocr_line' id='line_1_45' title="bbox 217 2961 2008 3015; baseline 0.002 -17"><span class='ocrx_word' id='word_1_466' title='bbox 217 2961 348 3000; x_wconf 87' lang='lat' dir='ltr'>statim</span> <span class='ocrx_word' id='word_1_467' title='bbox 374 2966 518 3011; x_wconf 88' lang='lat' dir='ltr'>postea</span> <span class='ocrx_word' id='word_1_468' title='bbox 545 2968 787 3012; x_wconf 84' lang='lat' dir='ltr'>enarrantur,</span> <span class='ocrx_word' id='word_1_469' title='bbox 815 2975 864 3002; x_wconf 91' lang='lat' dir='ltr'>ea</span> <span class='ocrx_word' id='word_1_470' title='bbox 891 2963 943 3002; x_wconf 88' lang='lat' dir='ltr'>ad</span> <span class='ocrx_word' id='word_1_471' title='bbox 968 2968 1155 3015; x_wconf 91' lang='lat' dir='ltr'>utrosque</span> <span class='ocrx_word' id='word_1_472' title='bbox 1181 2965 1416 3015; x_wconf 84' lang='lat' dir='ltr'>pertineant.</span> <span class='ocrx_word' id='word_1_473' title='bbox 1454 2964 1519 3002; x_wconf 88' lang='lat' dir='ltr'>Ex</span> <span class='ocrx_word' id='word_1_474' title='bbox 1534 2964 1732 3014; x_wconf 89' lang='lat' dir='ltr'>papilione</span> <span class='ocrx_word' id='word_1_475' title='bbox 1758 2963 1877 3013; x_wconf 87' lang='lat' dir='ltr'>igitur</span> <span class='ocrx_word' id='word_1_476' title='bbox 1903 2964 2008 3002; x_wconf 89' lang='lat' dir='ltr'>vide-</span> 
     </span>
     <span class='ocr_line' id='line_1_46' title="bbox 216 3023 2010 3077; baseline 0.002 -16"><span class='ocrx_word' id='word_1_477' title='bbox 216 3026 282 3061; x_wconf 90' lang='lat' dir='ltr'>tur</span> <span class='ocrx_word' id='word_1_478' title='bbox 305 3023 500 3074; x_wconf 85' lang='lat' dir='ltr'>prodiisse</span> <span class='ocrx_word' id='word_1_479' title='bbox 528 3025 727 3074; x_wconf 85' lang='lat' dir='ltr'>magister,</span> <span class='ocrx_word' id='word_1_480' title='bbox 755 3038 842 3064; x_wconf 89' lang='lat' dir='ltr'>cum</span> <span class='ocrx_word' id='word_1_481' title='bbox 868 3027 907 3064; x_wconf 92' lang='lat' dir='ltr'>in</span> <span class='ocrx_word' id='word_1_482' title='bbox 933 3028 1138 3077; x_wconf 87' lang='lat' dir='ltr'>tetrastylo</span> <span class='ocrx_word' id='word_1_483' title='bbox 1166 3027 1439 3066; x_wconf 87' lang='lat' dir='ltr'>consedissent</span> <span class='ocrx_word' id='word_1_484' title='bbox 1463 3028 1617 3075; x_wconf 81' lang='lat' dir='ltr'>fratres,</span> <span class='ocrx_word' id='word_1_485' title='bbox 1645 3032 1687 3065; x_wconf 88' lang='lat' dir='ltr'>ut</span> <span class='ocrx_word' id='word_1_486' title='bbox 1711 3027 1945 3076; x_wconf 85' lang='lat' dir='ltr'>gustationis</span> <span class='ocrx_word' id='word_1_487' title='bbox 1971 3032 2010 3065; x_wconf 88' lang='lat' dir='ltr'>et</span> 
     </span>
     <span class='ocr_line' id='line_1_47' title="bbox 216 3086 2009 3140; baseline 0.002 -16"><span class='ocrx_word' id='word_1_488' title='bbox 216 3086 303 3136; x_wconf 84' lang='lat' dir='ltr'>ipse</span> <span class='ocrx_word' id='word_1_489' title='bbox 329 3091 481 3136; x_wconf 87' lang='lat' dir='ltr'>partem</span> <span class='ocrx_word' id='word_1_490' title='bbox 508 3087 717 3137; x_wconf 87' lang='lat' dir='ltr'>acciperet.</span> <span class='ocrx_word' id='word_1_491' title='bbox 743 3110 795 3117; x_wconf 78' lang='lat'>——</span> <span class='ocrx_word' id='word_1_492' title='bbox 822 3088 1111 3140; x_wconf 87' lang='lat' dir='ltr'>Tetrastylum,</span> <span class='ocrx_word' id='word_1_493' title='bbox 1144 3095 1187 3130; x_wconf 87' lang='lat' dir='ltr'>ut</span> <span class='ocrx_word' id='word_1_494' title='bbox 1214 3103 1320 3130; x_wconf 86' lang='lat' dir='ltr'>aram</span> <span class='ocrx_word' id='word_1_495' title='bbox 1350 3091 1468 3139; x_wconf 89' lang='lat' dir='ltr'>deae,</span> <span class='ocrx_word' id='word_1_496' title='bbox 1503 3095 1649 3128; x_wconf 88' lang='lat' dir='ltr'>certum</span> <span class='ocrx_word' id='word_1_497' title='bbox 1677 3095 1737 3127; x_wconf 89' lang='lat' dir='ltr'>est</span> <span class='ocrx_word' id='word_1_498' title='bbox 1764 3095 1853 3128; x_wconf 79' lang='lat' dir='ltr'>ante</span> <span class='ocrx_word' id='word_1_499' title='bbox 1880 3090 2009 3127; x_wconf 81' lang='lat' dir='ltr'>lucum</span> 
     </span>
     <span class='ocr_line' id='line_1_48' title="bbox 219 3148 2011 3202; baseline 0.003 -17"><span class='ocrx_word' id='word_1_500' title='bbox 219 3148 333 3189; x_wconf 84' lang='lat' dir='ltr'>situm</span> <span class='ocrx_word' id='word_1_501' title='bbox 358 3149 494 3198; x_wconf 85' lang='lat' dir='ltr'>fuisse,</span> <span class='ocrx_word' id='word_1_502' title='bbox 525 3150 633 3200; x_wconf 88' lang='lat' dir='ltr'>quod</span> <span class='ocrx_word' id='word_1_503' title='bbox 659 3151 829 3190; x_wconf 84' lang='lat' dir='ltr'>Arvales</span> <span class='ocrx_word' id='word_1_504' title='bbox 857 3163 905 3189; x_wconf 89' lang='lat' dir='ltr'>eo</span> <span class='ocrx_word' id='word_1_505' title='bbox 930 3163 1116 3202; x_wconf 87' lang='lat' dir='ltr'>egressos</span> <span class='ocrx_word' id='word_1_506' title='bbox 1142 3154 1272 3192; x_wconf 87' lang='lat' dir='ltr'>lucum</span> <span class='ocrx_word' id='word_1_507' title='bbox 1299 3153 1556 3192; x_wconf 85' lang='lat' dir='ltr'>adscendisse</span> <span class='ocrx_word' id='word_1_508' title='bbox 1573 3165 1664 3191; x_wconf 86' lang='lat' dir='ltr'>mox</span> <span class='ocrx_word' id='word_1_509' title='bbox 1684 3153 1917 3199; x_wconf 82' lang='lat' dir='ltr'>videbimus3</span> <span class='ocrx_word' id='word_1_510' title='bbox 1938 3152 2011 3190; x_wconf 86' lang='lat' dir='ltr'>fuit</span> 
     </span>
     <span class='ocr_line' id='line_1_49' title="bbox 221 3205 2009 3265; baseline 0.002 -17"><span class='ocrx_word' id='word_1_511' title='bbox 221 3205 310 3250; x_wconf 79' lang='lat' dir='ltr'>aute</span> <span class='ocrx_word' id='word_1_512' title='bbox 325 3212 581 3251; x_wconf 87' lang='lat' dir='ltr'>maedificium</span> <span class='ocrx_word' id='word_1_513' title='bbox 601 3218 786 3263; x_wconf 86' lang='lat' dir='ltr'>quattuor</span> <span class='ocrx_word' id='word_1_514' title='bbox 796 3214 988 3254; x_wconf 86' lang='lat' dir='ltr'>columnis</span> <span class='ocrx_word' id='word_1_515' title='bbox 1009 3216 1048 3255; x_wconf 91' lang='lat' dir='ltr'>in</span> <span class='ocrx_word' id='word_1_516' title='bbox 1065 3217 1197 3255; x_wconf 86' lang='lat' dir='ltr'>fronte</span> <span class='ocrx_word' id='word_1_517' title='bbox 1220 3216 1459 3264; x_wconf 88' lang='lat' dir='ltr'>decoratum,</span> <span class='ocrx_word' id='word_1_518' title='bbox 1478 3216 1527 3254; x_wconf 84' lang='lat' dir='ltr'>cf.</span> <span class='ocrx_word' id='word_1_519' title='bbox 1545 3215 1758 3254; x_wconf 82' lang='lat' dir='ltr'>Exordium</span> <span class='ocrx_word' id='word_1_520' title='bbox 1774 3214 1941 3265; x_wconf 87' lang='lat' dir='ltr'>p.XXI.</span> <span class='ocrx_word' id='word_1_521' title='bbox 1960 3238 2009 3243; x_wconf 90' lang='lat'>—-</span> 
     </span>
     <span class='ocr_line' id='line_1_50' title="bbox 223 3273 2009 3331; baseline 0.003 -20"><span class='ocrx_word' id='word_1_522' title='bbox 223 3273 383 3326; x_wconf 84' lang='lat' dir='ltr'>Epulati</span> <span class='ocrx_word' id='word_1_523' title='bbox 399 3279 491 3313; x_wconf 86' lang='lat' dir='ltr'>sunt</span> <span class='ocrx_word' id='word_1_524' title='bbox 502 3286 710 3326; x_wconf 85' lang='lat' dir='ltr'>porcarum</span> <span class='ocrx_word' id='word_1_525' title='bbox 725 3279 859 3328; x_wconf 85' lang='lat' dir='ltr'>partes</span> <span class='ocrx_word' id='word_1_526' title='bbox 874 3289 955 3328; x_wconf 86' lang='lat' dir='ltr'>eas,</span> <span class='ocrx_word' id='word_1_527' title='bbox 971 3290 1073 3330; x_wconf 85' lang='lat' dir='ltr'>quae</span> <span class='ocrx_word' id='word_1_528' title='bbox 1090 3278 1187 3319; x_wconf 89' lang='lat' dir='ltr'>deae</span> <span class='ocrx_word' id='word_1_529' title='bbox 1213 3291 1291 3318; x_wconf 87' lang='lat' dir='ltr'>non</span> <span class='ocrx_word' id='word_1_530' title='bbox 1304 3283 1415 3319; x_wconf 88' lang='lat' dir='ltr'>erant</span> <span class='ocrx_word' id='word_1_531' title='bbox 1429 3278 1621 3331; x_wconf 85' lang='lat' dir='ltr'>redditae,</span> <span class='ocrx_word' id='word_1_532' title='bbox 1647 3279 1739 3318; x_wconf 90' lang='lat' dir='ltr'>item</span> <span class='ocrx_word' id='word_1_533' title='bbox 1767 3278 2009 3329; x_wconf 88' lang='lat' dir='ltr'>sanguinem,</span> 
     </span>
    </p>
   </div>
  </div>
 </body>
</html>
