2340 3658
113 1448 167 1473 Mai
196 1450 227 1473 29

287 198 380 225 CLVI

982 203 997 212 ν
1056 184 1297 233 Hadrianus.

689 819 961 862 (praec-edebant
986 827 1064 854 acta
1090 821 1163 855 diei
1184 823 1298 866 primi
1321 823 1417 856 sac-ri
1442 823 1528 856 dene
1555 824 1673 867 Dine)

286 920 1145 933 ·····················

1180 923 1527 934 .........

280 1058 1015 1070 ..................
1041 1029 1070 1083 ¹)
1101 1031 1324 1083 adfuerant
1355 1031 1397 1070 in
1428 1031 1598 1083 colleqio

335 1094 379 1136 O.
412 1093 643 1150 vitm-ius‘2)
679 1095 920 1151 [Insidias-²³)
951 1096 1060 1139 Geta
1090 1098 1423 1153 promag(iste1·),
1458 1099 1514 1139 Ti.
1548 1099 1724 1152 Iulius‘)
1755 1099 2014 1157 Candidas⁵)
2038 1135 2046 1143 .
2069 1134 2078 1144 .

1030 1165 1036 1231 Ι
1042 1199 2078 1211 .........................

333 1233 386 1274 Μ.
419 1232 614 1274 Valerius
648 1233 862 1287 Iunianus,
897 1233 1093 1277 Volusius
1124 1225 1392 1290 Saturninus,
1428 1236 1471 1277 P.
1496 1235 1716 1278 Cornelius
1747 1239 1951 1287 Geminus,
1984 1269 1992 1278 .
2026 1270 2034 1278 .
2068 1269 2077 1278 .

443 1306 446 1309 ’
1078 1303 1086 1370 Ι
1100 1335 1534 1346 ...........
1548 1307 1593 1353 ’.,
1627 1306 1676 1345 Μ.
1709 1306 1860 1346 Fabius
1889 1306 2080 1346 Iulianus

331 1381 536 1423 Heracleo
554 1381 808 1436 Optatianus
824 1383 867 1437 b).
906 1372 1065 1420 Isdem
1088 1373 1455 1439 eo(n)s(ulibus)
1476 1375 1578 1420 IIII
1593 1375 1855 1430 ksalendasj
1877 1376 2077 1431 lamas)

276 1450 318 1491 in
350 1451 443 1492 luco
476 1450 582 1493 deae
614 1450 722 1493 Diae
743 1451 806 1492 Ti.
831 1452 961 1494 Iulius
983 1453 1174 1495 Iulianus
1196 1451 1442 1495 Alexander
1471 1451 1788 1507 pr01nag(iste1·)
1807 1453 1840 1507 ⁷)
1877 1454 1934 1495 ad
1960 1467 2078 1495 aram

1249 1521 1483 1588 {immolavit
1518 1535 1671 1572 porcas
1700 1523 1939 1575 piaculares
1971 1524 2076 1564 duas

328 1588 410 1630 luei
441 1588 709 1644 coinquiendi
741 1593 782 1631 et
811 1590 953 1645 operis
985 1589 1186 1645 faciundi,
1218 1591 1360 1643 ibique
1391 1602 1565 1631 vacuam
1596 1588 1866 1631 honorariam
1878 1590 1912 1644 Θ>
1942 1592 2075 1632 albam
2127 1601 2143 1626 ⁵

1263 1656 1331 1725 'acl
1358 1660 1538 1712 foculum
1570 1659 1671 1699 deae
1703 1660 1809 1700 Diae
1838 1661 2076 1710 immolavit,

274 1796 312 1830 ln
341 1796 449 1831 domo
480 1797 636 1832 Achillis
663 1797 835 1843 Maphaei
862 1797 980 1831 MET.
1008 1797 1141 1841 (6038).
1168 1817 1211 1821 —
1237 1796 1279 1830 In
1307 1795 1415 1830 domo
1435 1795 1596 1830 Gentilis
1614 1796 1787 1842 Delphini
1814 1797 1953 1832 Romae
1981 1797 2074 1842 frag-

358 1857 516 1889 mentum
543 1859 727 1902 repert-um
755 1855 800 1890 ad
828 1858 975 1901 pontem
1003 1855 1209 1890 Palatinum
1237 1855 1271 1888 in
1300 1853 1578 1889 Transtiberina
1602 1855 1752 1899 regione
1779 1855 1917 1890 PIGH.
1946 1874 1988 1880 —-—

735 1914 877 1948 Locum
903 1924 973 1948 nou
1001 1913 1166 1961 inglieant
1194 1912 1311 1947 Mffl'r.
1340 1912 1471 1956 (6037).
1498 1912 1598 1948 LIG.

364 1982 552 2018 Exhibeat
577 1983 747 2018 Metellus
775 1984 897 2019 Vatia.
925 1985 1015 2020 6037
1043 1984 1064 2020 f.
1082 1983 1136 2019 24’

270 2045 307 2075 et
324 2042 415 2077 6038
435 2041 456 2076 f.
476 2043 520 2078 26
549 2044 620 2080 (cui
650 2043 723 2077 fere
743 2042 944 2089 respondet
962 2043 1134 2087 Ligorins

267 2099 387 2145 Neap.
406 2099 425 2133 l.
441 2101 487 2135 34
500 2113 533 2146 p.
552 2102 631 2140 176>
647 2106 685 2136 et
700 2102 854 2147 Pighius
869 2101 976 2138 Leid.
996 2102 1134 2136 Luzac.

268 2169 303 2203 p.
322 2159 389 2194 117
423 2159 520 2199 rinde
549 2161 662 2196 Smet.
689 2162 745 2203 35,
768 2163 783 2196 1
812 2164 850 2195 et
877 2160 979 2196 Grut.
1004 2161 1079 2202 124,
1101 2163 1132 2204 1,

268 2227 312 2250 ex
341 2228 459 2262 eoque
487 2218 616 2253 Marini
643 2219 718 2253 tab.
738 2219 907 2264 XXXV).

365 2275 420 2310 Ad
455 2288 586 2311 annum
624 2279 688 2313 119
724 2278 908 2323 pertinere
949 2278 1033 2312 inde
1067 2290 1129 2324 ap-

267 2337 388 2378 paret,
425 2334 522 2379 qnod
558 2336 617 2380 qui
651 2337 827 2380 magister
859 2337 978 2371 factus
1011 2340 1070 2372 est
1095 2338 1130 2371 in

266 2402 395 2426 annum
436 2393 722 2439 subsequentem
761 2395 800 2431 O.
843 2396 1009 2431 Vitorius
1050 2396 1129 2430 Ho-

266 2450 381 2485 sidius
409 2452 506 2486 Geta
531 2463 625 2487 anno
653 2454 719 2490 120
743 2454 956 2498 magisterio
984 2454 1130 2488 functus

267 2512 346 2544 est:
375 2510 418 2546 cf.
447 2513 530 2544 acta
557 2522 587 2544 a.
608 2512 685 2547 120.
713 2532 752 2537 —
781 2512 877 2547 Dedi
906 2512 979 2547 fere
1008 2523 1128 2547 exem-

265 2567 360 2613 plum
389 2569 530 2604 Metelli
558 2570 689 2614 (6038).

362 2627 385 2670 ¹)
412 2638 539 2662 versus
565 2631 641 2663 tres
668 2629 728 2674 qui
754 2628 998 2675 praecedunt,
1027 2628 1128 2664 solus

263 2678 438 2722 Marinins
465 2685 530 2721 dat
554 2688 682 2722 neseio
710 2687 803 2722 unde
831 2687 1058 2733 desumptos.

355 2744 381 2787 ²)
411 2744 437 2780 O
455 2756 461 2763 ·
479 2745 759 2781 VICTORIVS
789 2746 914 2791 Pigh.‚
943 2745 1127 2781 O V110-

264 2802 315 2837 RI
340 2829 348 2837 .
375 2831 383 2839 .
411 2830 418 2837 .
445 2804 533 2840 Met.
561 2805 694 2850 (6037).

354 2862 380 2906 ³)
407 2863 530 2898 IVS'P
549 2892 556 2900 .
577 2891 583 2900 .
606 2892 612 2898 .
633 2893 641 2900 .
666 2864 752 2901 Met.
773 2865 904 2910 (6038),
932 2863 1030 2908 Lig„
1057 2874 1125 2898 om.

262 2919 347 2955 Met.
377 2922 495 2966 (6037)
523 2925 558 2957 et
583 2923 690 2968 Pigh.

352 2979 379 3025 ⁴¹)
408 2980 641 3016 GE'l‘A-n‘r
669 3007 815 3018 .....
842 2980 982 3016 CAND
1002 2980 1123 3022 iidem,

260 3036 744 3075 Gn'l¹A·PROMAG·E'1¹
773 3068 780 3076 .
807 3066 813 3074 ,
841 3068 849 3076 .
878 3067 884 3072 .
911 3068 918 3076 .
948 3069 955 3076 .
983 3028 1124 3075 OAND

260 3093 348 3128 Met.
376 3095 514 3141 (6038),
541 3099 622 3144 Lig.

353 3154 377 3195 ⁵)
405 3155 498 3190 alius
533 3159 591 3191 est
626 3156 814 3192 Candidus
841 3156 1123 3201 distinguendus

258 3221 280 3245 a
314 3213 489 3258 magistro
524 3215 627 3251 huius
666 3217 770 3256 anni;
810 3216 856 3252 cf.
894 3215 1004 3251 index
1041 3226 1123 3262 per-

259 3279 436 3308 sonarum.

1301 1981 1327 2026 6)
1356 1981 1625 2017 OP'PIANVS
1654 1982 1756 2017 Grut.
1783 1993 1916 2019 errore.

1299 2039 1415 2085 ⁷).qui
1441 2039 1511 2074 hoc
1537 2039 1620 2075 loco
1645 2051 1711 2086 pro
1739 2041 1914 2085 magistro
1940 2040 2073 2076 dieitur

1206 2098 1342 2133 fecisse
1361 2098 1417 2134 Ti.
1438 2098 1552 2133 Iulius
1573 2098 1735 2134 Iulianus
1753 2099 1977 2142 Alexander,
1996 2110 2068 2134 nou

1204 2156 1330 2202 liquet,
1356 2161 1474 2191 utrum
1501 2156 1595 2191 idem
1624 2157 1732 2192 fuerit
1751 2162 1860 2204 atque
1879 2159 1936 2193 Ti.
1954 2158 2069 2193 Iulius

1201 2215 1363 2250 Iulianus
1391 2215 1435 2257 is,
1463 2216 1525 2260 qui
1553 2219 1687 2261 postea
1706 2217 1904 2263 proflamen
1923 2216 2067 2252 dicitur.

1202 2273 1307 2316 Quod
1335 2274 1364 2308 si
1391 2274 1571 2319 ponimus,
1594 2274 1787 2309 dicendum
1806 2279 1864 2311 est
1882 2286 1974 2318 eum,
2001 2276 2064 2310 ab·

1201 2334 1307 2365 sente
1326 2331 1487 2367 Hosidio
1509 2333 1607 2368 Geta
1626 2333 1671 2367 ab
1698 2334 1801 2368 initio
1828 2334 1935 2375 sacri,
1963 2334 2068 2369 huius

1202 2389 1281 2424 viee
1309 2389 1470 2425 functum
1499 2402 1606 2426 esse:
1635 2392 1732 2437 quod
1761 2394 1821 2438 qui
1840 2393 1958 2428 minus
1986 2404 2066 2440 pro-

1202 2447 1266 2482 bat
1296 2450 1331 2481 et
1363 2459 1430 2494 pro
1457 2449 1600 2484 duobus
1631 2452 1737 2496 putat
1762 2450 1954 2487 habendos
1981 2462 2068 2487 esse

1198 2505 1375 2541 Iulianum
1411 2510 1449 2542 et
1482 2508 1660 2543 Iulianum
1699 2509 1963 2553 Alexandrum,
1999 2521 2066 2556 pro

1200 2563 1344 2598 nomine
1385 2565 1532 2601 Hosidii
1575 2566 1694 2602 Getae
1727 2578 1835 2602 versu
1873 2579 2019 2614 quoque
2046 2569 2066 2604 7

1198 2621 1398 2658 Alexandri
1432 2636 1561 2660 nomen
1603 2625 1715 2660 debet
1753 2637 1945 2672 reponere.
1996 2626 2064 2662 Co·

1198 2680 1305 2724 gitari
1342 2682 1451 2718 etiam
1486 2686 1613 2730 potest
1645 2682 1690 2718 de
1725 2694 1847 2719 errore
1874 2686 1952 2721 sive
1979 2697 2063 2732 qua-

1197 2738 1344 2774 dratarii
1372 2740 1452 2777 sive
1480 2743 1559 2777 eius
1587 2743 1647 2788 qui
1676 2743 1895 2790 descripsit,
1930 2747 1968 2779 ut
1993 2755 2024 2779 v.
2041 2744 2065 2780 4

1197 2808 1262 2843 pro
1291 2811 1357 2842 pro
1388 2813 1478 2846 may.
1514 2802 1726 2837 emendetur
1761 2816 1824 2847 pro
1845 2805 1964 2849 flam.;
1997 2803 2063 2838 sed

1196 2867 1339 2893 sacrum
1372 2858 1408 2894 in
1444 2859 1527 2894 luco
1562 2871 1583 2894 a
1620 2862 1795 2906 magistro
1830 2861 1887 2897 vel
1919 2873 2061 2908 proma-

1195 2916 1311 2960 gistro
1338 2916 1388 2951 fit.
1428 2917 1585 2963 Legitur
1610 2922 1731 2954 autem
1757 2920 1939 2956 PROMA
1964 2919 2061 2967 apud

1196 2975 1284 3010 Met.
1324 2975 1443 3022 (6037)
1483 2979 1521 3011 et
1559 2977 1662 3022 Lig.,
1702 2979 1804 3014 PER
1842 2978 2058 3015 PROMAG

1195 3033 1290 3079 apud
1321 3035 1430 3080 Pigh.

1289 3093 1315 3136 ⁸)
1343 3093 1444 3129 HOS
1484 3094 1572 3131 Met.
1612 3097 1749 3141 (6038),
1788 3095 1923 3132 Hos'r
1964 3096 2058 3140 Lig„

1194 3150 1264 3185 ΗΟ
1292 3151 1380 3189 Met.
1408 3154 1541 3197 (6037),
1572 3154 1676 3199 Pigh,
1704 3158 1815 3189 recte.
