2340 3658
246 312 363 356 VIII.
423 309 745 355 SAGRIFIGIA
766 306 1209 360 >ANNIVERSARIA
1239 305 1417 348 VARIA
1422 334 1670 344 ......
1879 312 1967 346 75η
1995 283 2038 346 ’ΝΞ

433 379 662 416 Sacrificium
689 378 736 413 ad
762 388 859 413 aram
888 377 1012 412 Pacis.

689 439 774 472 ante
801 436 1032 484 simu-lacrum
1060 434 1136 468 divi
1163 432 1335 477 Augusti.

686 495 733 530 ad
760 505 858 530 aram
885 492 1152 530 Providentiae
1179 491 1388 536 Augustae.

433 554 636 590 Desierunt
659 553 737 589 fieri
766 553 833 588 sub
862 552 1017 589 Claudio
1043 551 1102 586 vel
1127 549 1290 586 Nerone.

230 721 369 763 VIIII.
421 721 742 766 SACRIFIOIA
766 721 838 765 OB
861 720 1078 764 OAUSAS
1100 717 1459 763 SINGULARES
1481 716 1677 760 EXTRA

425 790 687 834 ORDINEM
719 791 793 833 AB
825 789 1152 833 ARVALIBUS
1182 788 1371 832 FACTA
1376 816 1672 827 .......
1880 789 1970 824 77-
1994 789 2040 824 88

431 859 621 895 Sacrificia
635 859 735 894 facta
753 860 800 894 ob
817 859 964 894 detecta
978 859 1120 893 nefaria
1136 858 1296 894 consilia
1309 856 1459 892 Lentuli
1475 855 1662 892 Gaetulici

677 938 690 944 -
754 930 820 966 pro
840 919 959 953 salute
974 917 1138 954 Neronis
1156 919 1243 963 post
1259 915 1413 951 eaedem
1427 915 1671 961 Agrippinae.

677 997 690 1003 -
753 977 800 1011 ob
827 979 1021 1012 adventum
1047 975 1210 1012 Neronis
1236 977 1324 1022 post
1349 978 1472 1010 natam
1500 984 1547 1008 ex
1572 973 1673 1019 Pop-

756 1047 852 1083 paea
876 1036 998 1072 filiam.

676 1115 688 1120 -
751 1094 798 1129 ob
825 1094 965 1129 laurum
992 1093 1155 1129 Neronis
1183 1096 1220 1128 et
1246 1091 1542 1138 supplicationes
1569 1101 1590 1125 a
1614 1100 1672 1125 se-

757 1156 845 1188 natu
872 1153 1058 1189 decretas.

678 1232 689 1237 -
754 1212 800 1246 ob
828 1211 1068 1259 adoptionem
1095 1210 1248 1246 Pisonis
1275 1209 1472 1244 Liciniani.

677 1291 688 1296 -
752 1271 799 1306 ob
826 1270 966 1306 laurum
994 1272 1040 1305 ab
1068 1271 1215 1307 Othone
1243 1268 1418 1315 positam.

677 1350 690 1355 -
754 1330 801 1365 ob
822 1330 918 1365 diem
938 1342 1010 1376 quo
1029 1331 1156 1365 urbem
1175 1330 1367 1374 ingressus
1387 1330 1446 1363 est
1465 1326 1670 1373 Vespasia-

755 1399 823 1424 nus
836 1389 879 1434 (?)

678 1468 690 1473 -
754 1448 802 1482 ob
828 1459 928 1483 aram
956 1447 1167 1482 dedicatam
1194 1457 1260 1493 pro
1292 1445 1510 1490 magisterio
1537 1443 1576 1480 O.
1603 1443 1673 1478 Iuli

758 1507 886 1542 Silani.

678 1587 689 1592 -
754 1567 800 1601 ob
828 1566 979 1602 detecta
1005 1566 1151 1601 scelera
1177 1564 1404 1600 nefariorum.

679 1647 691 1652 -
754 1627 801 1661 ob
834 1626 969 1661 bellum
1007 1625 1204 1661 Suebicum
1241 1626 1278 1658 et
1312 1622 1573 1664 Sarmaticum,
1614 1624 1673 1657 aut

755 1686 934 1721 Dacicum
962 1685 1163 1720 Domitiani

675 1766 687 1771 -
753 1745 800 1781 ob
828 1744 1008 1780 laetitiam
1034 1743 1231 1790 publicam,
1259 1753 1310 1777 sc.
1338 1741 1384 1776 ob
1412 1740 1582 1775 devictos
1609 1742 1672 1774 aut

759 1803 908 1839 Suebos
935 1811 974 1838 et
1001 1803 1201 1844 Sarmatas,
1230 1804 1290 1837 aut
1316 1801 1454 1836 Dacos.

681 1883 693 1888 -
756 1862 803 1896 ob
831 1861 1030 1897 adventum
1059 1860 1248 1896 Hadriani.

678 1942 691 1947 -
754 1921 801 1956 ob
835 1921 1043 1966 ingressum
1070 1918 1254 1955 Antonini
1281 1918 1409 1954 Severi
1437 1912 1453 1951 f
1485 1927 1552 1963 per
1581 1915 1675 1951 limi—

757 1983 831 2015 tem
858 1980 1015 2015 Raetiae
1041 1979 1077 2013 in
1105 1977 1343 2013 barbarorum
1369 1981 1498 2010 terras.

677 2059 689 2065 -
754 2038 801 2072 ob
829 2038 997 2073 eiusdem
1022 2037 1212 2072 victoriam
1240 2036 1510 2071 Germanicam.

678 2119 688 2123 -
753 2096 850 2142 quod
866 2107 911 2131 ex
930 2095 1111 2140 naufragii
1129 2094 1296 2141 periculo
1311 2096 1480 2129 servatus
1498 2093 1548 2129 sit
1564 2092 1674 2128 idem.

434 2212 533 2247 Acta
559 2212 823 2247 sacrificiorum
851 2223 922 2258 quo
950 2211 1060 2247 modo
1088 2213 1270 2257 concepta
1301 2210 1377 2245 sint
1380 2235 1673 2245 .......
1877 2207 1969 2242 81-
1994 2206 2041 2243 88

489 2272 522 2306 1.
573 2281 690 2306 annus
718 2274 756 2306 et
782 2270 876 2305 dies.

486 2329 519 2364 2.
570 2329 687 2365 locus.

488 2389 520 2422 3.
572 2398 759 2423 sacrorum
786 2389 893 2424 ratio.

486 2447 518 2483 4.
569 2449 801 2493 praesentes.
1540 2441 1560 2464 “

433 2562 487 2596 De
517 2562 719 2606 fragmento
747 2565 910 2597 actorum
936 2564 1020 2607 anni
1051 2565 1113 2605 69,
1142 2562 1241 2608 quod
1263 2566 1389 2597 utrum
1416 2562 1461 2597 ad
1488 2562 1675 2598 sacrificia

498 2632 542 2655 un
570 2620 617 2655 ad
644 2624 731 2655 vota
757 2621 806 2656 sit
831 2620 1062 2656 referendum
1090 2632 1161 2656 non
1179 2621 1417 2667 perspicitur.
1469 2646 1475 2652 .
1515 2649 1522 2656 .
1565 2647 1570 2653 .
1610 2648 1617 2656 .
1663 2648 1671 2657 .
1993 2619 2045 2655 87

436 2679 490 2713 De
519 2678 802 2714 consecratione
829 2679 1022 2714 Matidiae.

221 2836 268 2877 B.
329 2837 482 2881 VOTA
514 2840 551 2882 A
582 2840 901 2883 FRATRIBUS
932 2839 1258 2883 ARVAL1BUS
1285 2839 1623 2884 GONOEPTA..
1670 2873 1676 2878 .
1879 2843 2043 2880 89-126

337 2906 369 2947 I.
430 2906 582 2950 VOTA
621 2908 821 2951 ANNUA
861 2907 970 2951 PRO
1011 2907 1236 2951 SALUTE
1266 2909 1682 2954 IMPERATORUM

431 2975 729 3019 CONCEPTA
735 3007 1677 3018 .....................
1880 2981 2043 3019 89-108

448 3045 477 3079 1.
529 3056 645 3080 annus
672 3049 710 3081 et
736 3046 828 3082 dies.

531 3104 622 3139 Dies
641 3107 808 3152 tempore
827 3106 1087 3151 antiquissimo
1108 3105 1176 3141 fuit
1194 3105 1288 3141 alius
1308 3109 1418 3153 atque
1439 3109 1563 3142 aetate
1591 3117 1677 3152 pos-

531 3162 677 3197 teriore.

448 3276 470 3311 2
532 3220 612 3311 ξὶυο
641 3220 700 3256 die
728 3223 887 3258 solutum
916 3223 966 3259 sit
991 3225 1114 3259 votum
1142 3222 1234 3258 deae
1266 3223 1358 3259 Diae
1386 3226 1615 3271 conceptum.

475 3303 480 3309 .
548 3288 648 3315 ocus.
