2340 3658
922 246 1040 282 Index
1064 245 1209 281 Rerum.

215 362 263 400 cf.
287 362 351 406 34;
375 382 422 390 -
458 362 611 410 pactilis
634 371 792 396 rosacea
820 362 867 397 36
890 363 954 402 38;
990 381 1035 387 —

214 422 373 464 rosacia‚
405 432 517 457 rosea
539 421 584 456 37
595 433 604 462 ;
633 439 674 446 —
701 420 853 466 spiceae
880 421 1035 455 vittatae

213 480 262 516 24
292 481 356 523 253
401 479 487 514 inde
524 479 571 513 ab
609 490 642 513 a.
667 479 712 514 87
748 481 964 514 constanter
999 479 1036 512 in

216 539 313 574 actis
351 541 682 573 commemorantur
714 538 781 579 28;
819 536 867 572 cf.
890 537 1036 571 vittae

216 597 431 642 spiceae;
459 615 499 621 —
527 595 658 630 sutiles
682 596 740 631 38.

170 653 408 691 Goronare
435 654 526 689 deas
550 653 596 688 27
621 654 681 689 34.

171 711 201 748 C
211 716 310 748 reta
323 714 359 748 iu
373 714 473 750 circo
486 713 549 753 37;
563 715 675 746 antea
685 711 879 748 dicebatur
892 713 974 748 calx
983 713 1040 749 38.

171 770 339 807 Culter
362 773 427 807 92:
454 770 573 807 cultro
600 770 787 806 immolare
812 771 867 806 94.

171 862 399 899 Damasus
457 875 579 911 papa:
641 865 839 900 oratorium
893 866 940 900 ab
998 875 1043 900 eo

223 923 365 957 sanctis
385 923 607 967 martyribus
626 923 831 969 Simplicio,
849 923 1043 964 Faustino,

222 979 381 1015 Viatrici
433 980 597 1016 dicatum
646 980 683 1015 in
727 981 811 1017 luco
852 981 1042 1017 Arvalium

220 1037 318 1074 XVI
342 1039 467 1075 xv11.

172 1095 270 1131 Dea
292 1097 388 1140 Dia,
414 1109 546 1133 numen
563 1098 747 1133 Arvalium
765 1098 951 1145 proprium
976 1098 1040 1134 IX.

220 1155 350 1190 eadem
375 1156 453 1191 fere
479 1160 590 1203 atque
617 1157 732 1193 Ceres
748 1157 815 1199 483
842 1177 883 1182 -
912 1156 958 1191 de
982 1167 1041 1192 sa-

219 1223 284 1248 cro
309 1214 390 1250 eius
407 1226 528 1251 annuo
545 1215 682 1258 3-48;
709 1235 750 1240 —
776 1215 984 1250 immolatur
1008 1215 1043 1249 ei

218 1271 267 1306 ob
286 1272 438 1308 comitia
454 1273 767 1316 sacerdotiorum,
792 1273 1042 1320 pontificatus,

219 1330 455 1375 pontificatus
479 1331 628 1366 maximi
653 1331 717 1366 73:
746 1351 787 1357 -—
814 1335 899 1366 vota
923 1342 1045 1366 annua

217 1399 285 1435 pro
303 1389 425 1425 salute
445 1390 681 1436 imperatoris
700 1401 766 1436 per
783 1390 1042 1437 exceptionem

221 1448 332 1483 etiam
347 1448 440 1483 deae
456 1448 549 1483 Diae
569 1448 671 1484 facta
682 1449 746 1489 983
768 1468 809 1474 —
832 1448 1039 1483 immolatur

221 1507 257 1542 ei
282 1507 330 1542 ob
349 1506 498 1553 piacula
510 1507 650 1542 maiora
667 1507 745 1542 143.
780 1507 834 1542 cf.
862 1517 1035 1541 sacrum

221 1575 424 1601 annuum.

153 1623 469 1675 ,Decennalia
493 1634 527 1657 v.
551 1626 668 1658 vota.

174 1683 373 1718 Deferre
404 1675 550 1716 videtur
580 1681 654 1717 dici
687 1693 755 1729 pro
787 1683 973 1728 referendo
1005 1685 1043 1717 in

225 1748 308 1776 aeta
332 1740 399 1776 157
425 1740 503 1775 168.

177 1801 210 1836 D
226 1811 247 1835 e
259 1798 446 1835 feranda
471 1798 507 1832 in
525 1797 610 1833 luco
628 1798 817 1834 Arvalium
838 1799 938 1835 culta
955 1801 1043 1843 1473

228 1858 276 1894 cf.
302 1856 561 1892 Adolenda.

177 1915 402 1961 Derigere
427 1914 562 1949 dicitur
585 1914 632 1949 de
658 1915 793 1950 litteris
818 1916 865 1951 ad
886 1917 1043 1964 aliquem

223 1974 351 2010 missis
376 1973 434 2008 34.

178 2031 504 2068 Desciderunt
545 2031 665 2066 lucum
702 2033 767 2074 273
811 2033 908 2069 idem
946 2034 1045 2081 quod

225 2091 483 2136 descenderunt
506 2090 563 2124 32.

179 2149 477 2186 Desciudere
502 2158 649 2184 carmen
674 2150 731 2186 26.

179 2207 468 2244 Desultores
499 2207 545 2242 36
569 2207 625 2242 37.

180 2267 243 2302 De
255 2269 383 2301 tecta
417 2265 561 2300 nefaria
597 2266 754 2301 consilia
797 2267 863 2302 Gn.
896 2267 1047 2303 Lentuli

229 2324 417 2361 Gaetulici
454 2323 517 2366 773
558 2345 598 2350 —
642 2324 787 2360 scelera
826 2324 1048 2361 nefariorum

228 2383 288 2426 (L.
314 2383 470 2418 Antonii
497 2383 699 2424 Saturnini)
725 2384 782 2419 80.

180 2442 314 2484 Deus,
339 2441 441 2477 sive
462 2461 501 2466 —
530 2441 631 2476 sive
657 2441 745 2476 dea
769 2442 853 2484 1443
882 2463 920 2468 —
950 2443 1048 2479 sive

232 2499 342 2534 deus
380 2500 483 2535 sive
510 2499 616 2543 dea,
653 2499 699 2534 in
737 2501 871 2536 cuins
896 2503 1050 2538 tutela

229 2558 304 2594 liic
329 2558 461 2593 lucus
486 2557 677 2594 locusve
704 2561 777 2594 est
802 2559 880 2596 146.

183 2617 307 2652 Deus
332 2619 492 2652 certus
518 2617 595 2653 147.

184 2675 358 2711 Dicere
383 2685 529 2710 carmen
554 2676 611 2714 27.

186 2733 292 2769 Divi
317 2743 467 2768 numero
488 2733 596 2777 XVI,
616 2755 655 2760 —
684 2736 758 2772 XX
784 2737 870 2780 1483
896 2756 936 2762 —
964 2747 1050 2771 enu-

230 2795 414 2828 merantur
437 2791 507 2826 148
531 2793 610 2829 149.

185 2850 353 2886 Divina
384 2849 515 2886 domus
553 2851 702 2897 quando
730 2853 884 2899 primum
924 2851 1053 2886 domus

232 2909 407 2953 Augusta
431 2909 622 2955 appellata
645 2911 698 2946 sit
722 2912 806 2954 123;
834 2931 875 2936 -
908 2910 945 2946 iu
970 2900 1052 2956 pre-

232 2966 380 3002 catione
406 2968 659 3014 cooptationis
684 2970 763 3005 154.

184 3025 379 3061 Divinus
408 3025 587 3072 princeps
611 3025 745 3062 dicitur
769 3026 947 3064 Claudius
972 3027 1052 3062 122.

186 3083 402 3119 Division
414 3094 462 3118 es
498 3084 645 3131 panium
682 3087 722 3120 et
756 3085 832 3122 vini
869 3086 906 3121 in
938 3084 1051 3121 eolle-

233 3142 306 3188 giis
329 3143 385 3178 35.

188 3200 406 3236 Divorum
432 3200 547 3235 aedes
572 3201 610 3236 in
635 3201 783 3238 Palatio
810 3202 866 3237 11.

188 3257 354 3294 Domus
386 3259 651 3294 Domitiana
690 3260 727 3295 in
770 3271 878 3296 sacra
910 3260 971 3296 via
1008 3259 1055 3295 62

233 3317 298 3351 82:
334 3316 544 3353 immolatur
579 3322 665 3354 ante
702 3329 783 3354 eam
828 3319 876 3354 ob
917 3328 1054 3353 memo·

257 3393 396 3421 mm.
421 3393 507 3421 ACT-

1889 247 1972 290 209

1149 362 1238 396 riam
1257 359 1413 396 Domitii
1430 361 1547 406 patris
1564 359 1727 396 Neronis
1752 362 1810 404 62,
1835 382 1879 387 —
1903 372 1970 407 pro

1151 420 1272 455 salute
1298 424 1337 454 et
1360 418 1483 455 reditu
1507 419 1671 455 Neronis
1695 421 1753 456 82.

1105 523 1263 559 Elatio
1307 524 1414 559 ferri:
1465 523 1613 570 piacula
1651 523 1699 559 ob
1742 534 1822 559 eam
1873 523 1974 559 facta

1153 581 1223 616 128
1235 602 1271 607 -—
1286 583 1366 618 130.

1110 640 1336 687 Epistula
1365 652 1399 675 v.
1424 640 1647 678 Litterae.

1110 698 1288 745 Epulae
1313 698 1560 734 Romanorum
1585 701 1643 736 35.

1111 757 1306 803 Epulari
1330 757 1376 791 ad
1394 758 1608 802 magistrum
1627 759 1671 794 16
1687 759 1752 800 25;
1778 757 1876 804 apud
1900 767 1974 791 ma-

1158 815 1312 860 gistrum
1336 816 1383 851 25
1406 818 1463 852 26.
1503 811 1509 816 ’

1113 874 1362 910 Exercitus
1388 879 1634 911 memorantur
1662 876 1699 910 in
1723 875 1821 911 votis
1845 875 1976 910 annuis

1157 933 1292 969 aetatis
1319 935 1542 980 posterioris
1570 937 1649 971 103.

1111 992 1269 1026 Extae:
1307 992 1462 1028 reddere
1488 998 1592 1030 extas
1616 997 1681 1038 23,
1718 995 1904 1030 aulicocta
1930 995 1976 1029 92

1155 1050 1213 1094 94,
1238 1051 1459 1096 porciliares
1483 1053 1541 1095 21,
1566 1054 1756 1089 vaccinam
1780 1055 1825 1089 21
1849 1055 1908 1091 23.

1111 1154 1277 1190 Factio
1301 1160 1488 1192 veneta:
1515 1158 1698 1204 piaculum
1725 1158 1761 1193 in
1780 1158 1864 1194 luco
1883 1159 1977 1194 deae

1159 1213 1254 1248 Diae
1291 1213 1339 1249 ob
1366 1226 1544 1259 errorem,
1581 1220 1622 1251 nt
1658 1216 1814 1260 videtur,
1850 1216 1897 1251 ab
1934 1227 1981 1250 ea

1160 1272 1395 1307 commissum
1423 1274 1502 1309 140.

1111 1329 1312 1365 Familia
1337 1334 1375 1365 et
1400 1331 1559 1367 officium
1586 1333 1775 1369 Arvalium
1799 1334 1856 1369 28.

1111 1391 1284 1426 Famuli
1311 1393 1398 1435 (non
1426 1390 1610 1435 Famulae)
1636 1392 1806 1427 coluntur
1831 1392 1869 1426 in
1894 1391 1978 1427 luco

1157 1450 1347 1484 Arvalium
1372 1450 1450 1485 145.

1112 1508 1240 1543 Fasti
1259 1509 1497 1553 collegiorum
1515 1509 1551 1543 in
1561 1519 1740 1544 marmore
1757 1509 1898 1544 exarati
1912 1508 1979 1544 IX.

1113 1567 1414 1602 Fecunditas:
1441 1578 1514 1601 non
1539 1571 1699 1611 constat,
1724 1572 1841 1602 utrum
1861 1568 1907 1608 ei,
1933 1578 1980 1602 an

1158 1626 1350 1661 Felicitati
1374 1626 1598 1660 immolatum
1628 1626 1678 1660 sit
1710 1626 1758 1660 ob
1784 1625 1980 1661 adventum

1159 1683 1333 1727 Neronis,
1361 1685 1574 1731 Poppaeae,
1602 1684 1779 1720 Claudiae
1804 1685 1861 1719 85.

1113 1741 1303 1778 Felicia
1329 1743 1457 1778 dicunt
1478 1743 1637 1778 Arvales
1663 1743 1761 1778 sacri
1787 1742 1896 1777 annui
1920 1741 1981 1776 die

1159 1801 1277 1847 primo
1297 1803 1341 1837 13
1359 1802 1415 1844 17,
1445 1822 1483 1826 —
1513 1801 1573 1836 die
1600 1800 1764 1836 secundo
1789 1801 1834 1836 27
1860 1801 1917 1841 39,
1937 1820 1980 1826 ——

1161 1859 1221 1893 die
1253 1860 1365 1895 tertio
1396 1860 1460 1901 453
1494 1879 1534 1884 —
1576 1863 1666 1906 post
1705 1859 1980 1905 cooptationem

1160 1917 1341 1964 principis
1368 1919 1457 1960 156;
1484 1939 1527 1945 —
1558 1921 1646 1953 sunt
1669 1918 1775 1964 ipsae
1801 1917 1981 1952 acclama-

1160 1975 1281 2010 tiones
1311 1988 1378 2023 pro
1404 1977 1521 2012 salute
1547 1976 1807 2022 imperatorum
1829 1975 1888 2010 45.

1113 2033 1373 2070 Felicitas:
1400 2035 1609 2070 immolatur
1634 2034 1668 2068 ei
1695 2034 1742 2069 ob
1761 2034 1981 2080 appellatio-

1160 2102 1242 2126 nem
1273 2094 1391 2139 patris
1424 2093 1567 2140 pat-riae
1601 2091 1757 2128 Claudio
1796 2091 1981 2127 decretam

1163 2150 1224 2193 73,
1251 2171 1293 2176 —
1311 2163 1379 2198 pro
1397 2153 1517 2188 salute
1543 2153 1581 2186 et
1596 2150 1719 2185 reditu
1735 2149 1899 2184 Neronis
1924 2149 1982 2191 84,

1164 2229 1199 2233 --
1233 2209 1280 2244 ob
1299 2210 1493 2245 adventum
1512 2196 1604 2251 eiu's,
1630 2209 1846 2254 Poppaeae,
1873 2208 1981 2245 Glau-

1164 2266 1247 2302 diae
1281 2269 1324 2309 (3)
1362 2269 1419 2310 85,
1457 2289 1498 2294 —-
1540 2268 1588 2303 ob
1631 2267 1925 2313 supplicationes
1961 2277 1985 2300 a

1164 2329 1297 2360 senatu
1322 2326 1493 2362 decretas
1518 2328 1601 2368 iba„
1628 2345 1671 2351 —
1711 2326 1758 2360 ob
1790 2325 1983 2372 imperium

1165 2383 1313 2419 Vitellii
1342 2385 1398 2427 72,
1425 2405 1466 2410 —
1501 2396 1568 2431 pro
1603 2385 1724 2420 salute
1756 2387 1795 2419 et
1824 2383 1985 2418 adventu

1166 2443 1315 2477 Vitellii
1333 2443 1376 2487 (ἲ)
1395 2445 1473 2479 121.
1493 2464 1532 2469 -«
1553 2443 1760 2490 publica:
1779 2442 1986 2477 immolatur

1166 2500 1200 2534 ei
1227 2500 1275 2535 ob
1300 2501 1490 2547 imperium
1507 2501 1670 2537 Neronis
1696 2502 1740 2536 71
1758 2501 1813 2536 72.
1831 2520 1873 2527 —
1899 2500 1983 2534 Au-

1167 2563 1304 2603 gusta
1330 2560 1408 2594 168.

1119 2617 1328 2660 Fer-ntis,
1354 2617 1491 2653 fertis
1515 2617 1607 2653 fiunt
1630 2618 1780 2664 piacula
1805 2618 1886 2652 135.

1120 2676 1323 2711 Fercula
1346 2676 1391 2711 27
1416 2677 1474 2711 35.

1121 2735 1309 2770 Ferrum
1346 2735 1379 2769 si
1415 2735 1451 2769 in
1482 2734 1602 2770 lucum
1640 2739 1721 2770 erat
1743 2732 1986 2774 inferendum,

1169 2792 1317 2839 piaculo
1350 2803 1443 2838 opus
1470 2796 1551 2828 erat
1573 2793 1636 2833 223
1661 2812 1706 2818 —-
1738 2792 1835 2827 ferro
1861 2792 1915 2826 uti
1941 2802 1987 2826 ex

1169 2851 1241 2885 ritu
1277 2853 1425 2885 vetusto
1470 2862 1541 2886 non
1578 2851 1686 2885 licuit
1722 2852 1789 2886 128
1825 2851 1904 2886 132.
1942 2869 1986 2875 -

1168 2908 1327 2944 Piacula
1340 2908 1387 2944 ob
1406 2908 1492 2943 ferri
1510 2909 1722 2944 inlationem
1737 2913 1776 2943 et
1790 2909 1987 2944 elationem

1169 2968 1366 3003 128—135.

1120 3026 1257 3062 Festi
1294 3027 1457 3069 (Φῆστοιῗ
1499 3025 1602 3061 locus
1631 3025 1699 3060 fuit
1729 3025 1806 3070 agri
1832 3025 1987 3060 Romani

1166 3085 1263 3119 inter
1279 3084 1443 3131 quintum
1461 3088 1499 3119 et
1517 3087 1659 3119 sextum
1675 3083 1847 3130 lapidem,
1861 3085 1898 3119 in
1916 3094 1988 3130 quo

1168 3142 1308 3178 fiebant
1333 3142 1572 3178 Ambarvalia
1594 3142 1651 3179 47.

1121 3202 1266 3237 Ficus
1302 3202 1341 3236 in
1367 3201 1517 3246 fastigio
1549 3201 1653 3236 aedis
1686 3201 1777 3236 deae
1802 3201 1898 3236 Diae
1934 3200 1988 3236 in·

1168 3263 1254 3294 nata
1278 3260 1357 3303 141,
1383 3260 1429 3296 cf.
1456 3260 1535 3295 142.
1968 3298 1971 3300 ,

1123 3318 1308 3353 Flamen
1345 3319 1492 3354 fratrum
1522 3315 1711 3353 Arvalium
1743 3329 1789 3354 ex
1815 3319 1988 3354 Saturna·

1674 3377 1724 3420 15
